{"timestamp":1768858436755,"type":"book","data":{"type":"book","timestamp":1768858436755,"asset_id":"9031636498902109489531840330955202379047865759768140186724288939684833165378","market":"161587","bids":[[0.01,50],[0.05,43.75],[0.06,5421.51],[0.26,56.25],[0.27,25]],"asks":[]}}
{"timestamp":1768858436883,"type":"book","data":{"type":"book","timestamp":1768858436883,"asset_id":"43577718766112357875300730326646730119346466279136183595509365799679832624641","market":"161587","bids":[],"asks":[[0.99,50],[0.95,43.75],[0.94,5421.51],[0.74,56.25],[0.73,25]]}}
{"timestamp":1768858437016,"type":"book","data":{"type":"book","timestamp":1768858437016,"asset_id":"5689681855689828399428106754866979922401730116817121622527657120513897525909","market":"161587","bids":[[0.01,50],[0.02,25],[0.03,5.51]],"asks":[[0.99,50]]}}
{"timestamp":1768858437156,"type":"book","data":{"type":"book","timestamp":1768858437156,"asset_id":"74774623971709706821569763625609154232615320360891965400140251966412790258500","market":"161587","bids":[[0.01,50]],"asks":[[0.99,50],[0.98,25],[0.97,5.51]]}}
{"timestamp":1768858437289,"type":"book","data":{"type":"book","timestamp":1768858437289,"asset_id":"7360690154955731738072833984462694862220283551111167441524929099080928304759","market":"161587","bids":[[0.01,50],[0.02,25],[0.03,5.51]],"asks":[[0.99,50]]}}
{"timestamp":1768858437438,"type":"book","data":{"type":"book","timestamp":1768858437438,"asset_id":"107120935694512385169050114827872789982020807731131881827825052191609346273122","market":"161587","bids":[[0.01,50]],"asks":[[0.99,50],[0.98,25],[0.97,5.51]]}}
{"timestamp":1768858437561,"type":"book","data":{"type":"book","timestamp":1768858437561,"asset_id":"71459940788768289369388827341933628291041428032682324236872093006027462842932","market":"161587","bids":[[0.01,50],[0.02,25],[0.03,5.51]],"asks":[[0.99,50]]}}
{"timestamp":1768858437694,"type":"book","data":{"type":"book","timestamp":1768858437694,"asset_id":"23288743695636620381867808278031544648048214106114607887269598951056044003098","market":"161587","bids":[[0.01,50]],"asks":[[0.99,50],[0.98,25],[0.97,5.51]]}}
{"timestamp":1768858437837,"type":"book","data":{"type":"book","timestamp":1768858437837,"asset_id":"94285110769567966486463661297410356109827983764157167229272297139989795256953","market":"161587","bids":[[0.01,50],[0.02,25],[0.04,5.51],[0.05,5.51]],"asks":[[0.99,50]]}}
{"timestamp":1768858437979,"type":"book","data":{"type":"book","timestamp":1768858437979,"asset_id":"34367065238487927523900111259648857646009474251375713435120986499501795995070","market":"161587","bids":[[0.01,50]],"asks":[[0.99,50],[0.98,25],[0.96,5.51],[0.95,5.51]]}}
{"timestamp":1768858438105,"type":"book","data":{"type":"book","timestamp":1768858438105,"asset_id":"65238912540593149767509870878968239590124887893827161207600259653260563923070","market":"161587","bids":[[0.01,65],[0.02,25],[0.03,5.51]],"asks":[[0.99,50]]}}
{"timestamp":1768858438236,"type":"book","data":{"type":"book","timestamp":1768858438236,"asset_id":"52706147105070524363009267529922604376781175933531786990678540409860700140950","market":"161587","bids":[[0.01,50]],"asks":[[0.99,65],[0.98,25],[0.97,5.51]]}}
{"timestamp":1768858438379,"type":"book","data":{"type":"book","timestamp":1768858438379,"asset_id":"105946555319717952586004333254949548955829524636247831439729957976174835757796","market":"161587","bids":[[0.01,50],[0.02,25],[0.03,5.51]],"asks":[[0.99,50]]}}
{"timestamp":1768858438503,"type":"book","data":{"type":"book","timestamp":1768858438503,"asset_id":"98888987637702944200466394029062132161347270306418627034681906287677121368389","market":"161587","bids":[[0.01,50]],"asks":[[0.99,50],[0.98,25],[0.97,5.51]]}}
{"timestamp":1768858438638,"type":"book","data":{"type":"book","timestamp":1768858438638,"asset_id":"32000187069377430896265944353073875929784130362721284251736314375740995009132","market":"161587","bids":[[0.01,50],[0.02,30.51],[0.03,5.51]],"asks":[]}}
{"timestamp":1768858438772,"type":"book","data":{"type":"book","timestamp":1768858438772,"asset_id":"72300811647490128998831837378933981624665087909864960667694762257393293709099","market":"161587","bids":[],"asks":[[0.99,50],[0.98,30.51],[0.97,5.51]]}}
{"timestamp":1768858438900,"type":"book","data":{"type":"book","timestamp":1768858438900,"asset_id":"113025031494916309150086220666714068684066916056870600664866463237320949012683","market":"161587","bids":[[0.01,70],[0.03,5.51],[0.06,30.51],[0.07,25]],"asks":[]}}
{"timestamp":1768858439056,"type":"book","data":{"type":"book","timestamp":1768858439056,"asset_id":"106502645861422820101428418410740039040950178042688282565606126950746542596804","market":"161587","bids":[],"asks":[[0.99,70],[0.97,5.51],[0.94,30.51],[0.93,25]]}}
{"timestamp":1768858439184,"type":"book","data":{"type":"book","timestamp":1768858439184,"asset_id":"24085294160146023460801270886062008540816580162480837570482544017068711307043","market":"161587","bids":[[0.01,50],[0.02,25],[0.03,5.51],[0.04,5.51]],"asks":[[0.99,50]]}}
{"timestamp":1768858439310,"type":"book","data":{"type":"book","timestamp":1768858439310,"asset_id":"68660619242068838780359514667334675625428574513507330730861992120392412078977","market":"161587","bids":[[0.01,50]],"asks":[[0.99,50],[0.98,25],[0.97,5.51],[0.96,5.51]]}}
{"timestamp":1768858439439,"type":"book","data":{"type":"book","timestamp":1768858439439,"asset_id":"71775041801808637972785922632852978725572532275252146056957073487383515608173","market":"161587","bids":[[0.01,50],[0.02,25],[0.03,5.51]],"asks":[[0.99,50]]}}
{"timestamp":1768858439576,"type":"book","data":{"type":"book","timestamp":1768858439576,"asset_id":"33672246756272849240665557330388834060801478981449620394497796903940273756329","market":"161587","bids":[[0.01,50]],"asks":[[0.99,50],[0.98,25],[0.97,5.51]]}}
{"timestamp":1768858439711,"type":"book","data":{"type":"book","timestamp":1768858439711,"asset_id":"38249703376174183440478117641561819852912686676086886922395617711410224047669","market":"161587","bids":[[0.01,50],[0.02,25],[0.03,5.51]],"asks":[[0.99,50]]}}
{"timestamp":1768858439844,"type":"book","data":{"type":"book","timestamp":1768858439844,"asset_id":"49637045107561300232921209964038170407460446885617809869047360275570604727981","market":"161587","bids":[[0.01,50]],"asks":[[0.99,50],[0.98,25],[0.97,5.51]]}}
{"timestamp":1768858439975,"type":"book","data":{"type":"book","timestamp":1768858439975,"asset_id":"102470506234631856714287226623345182033813197411154001523556742367360332249186","market":"161587","bids":[[0.001,14.99],[0.01,50],[0.03,5.51],[0.04,25],[0.041,25],[0.06,5.51],[0.08,1219],[0.99,25.51]],"asks":[[0.999,5]]}}
{"timestamp":1768858440119,"type":"book","data":{"type":"book","timestamp":1768858440119,"asset_id":"31795349211219422607185815612973220690717749068121740516256733008230250593184","market":"161587","bids":[[0.001,5]],"asks":[[0.999,14.99],[0.99,50],[0.97,5.51],[0.96,25],[0.959,25],[0.94,5.51],[0.92,1219],[0.01,25.51]]}}
{"timestamp":1768858440267,"type":"book","data":{"type":"book","timestamp":1768858440267,"asset_id":"43563596164617197569984035984240875096743987893839105155156535794052660412514","market":"161587","bids":[[0.01,50],[0.02,25],[0.03,5.51]],"asks":[[0.99,50]]}}
{"timestamp":1768858440397,"type":"book","data":{"type":"book","timestamp":1768858440397,"asset_id":"111436004474608829181688199751793007557865850840578909060278133660760146801937","market":"161587","bids":[[0.01,50]],"asks":[[0.99,50],[0.98,25],[0.97,5.51]]}}
{"timestamp":1768858440523,"type":"book","data":{"type":"book","timestamp":1768858440523,"asset_id":"50983867355616416655423952313122695633917659698391114174631454013985844444839","market":"161587","bids":[[0.01,50],[0.02,25],[0.03,5.51]],"asks":[[0.99,50]]}}
{"timestamp":1768858440646,"type":"book","data":{"type":"book","timestamp":1768858440646,"asset_id":"57387565809979849367931485811783458230949362028360279464167270926827433389414","market":"161587","bids":[[0.01,50]],"asks":[[0.99,50],[0.98,25],[0.97,5.51]]}}
{"timestamp":1768858440773,"type":"book","data":{"type":"book","timestamp":1768858440773,"asset_id":"23982213020675018791507326977308149379200692959141537028293395142867568952427","market":"161587","bids":[[0.001,14.99],[0.01,50],[0.02,25],[0.031,3225],[0.05,5.51],[0.99,82.39]],"asks":[]}}
{"timestamp":1768858440904,"type":"book","data":{"type":"book","timestamp":1768858440904,"asset_id":"93658466248405584999260870388818827582402881579193486826612628010719686456341","market":"161587","bids":[],"asks":[[0.999,14.99],[0.99,50],[0.98,25],[0.969,3225],[0.95,5.51],[0.01,82.39]]}}
{"timestamp":1768858441032,"type":"book","data":{"type":"book","timestamp":1768858441032,"asset_id":"24579524396187103736840535208642428472919490237386093648130273132471733218325","market":"161587","bids":[[0.01,90],[0.02,5000],[0.14,46]],"asks":[[0.99,90],[0.98,500],[0.94,500],[0.93,15],[0.92,3029],[0.69,20],[0.51,5],[0.25,5],[0.24,33]]}}
{"timestamp":1768858441184,"type":"book","data":{"type":"book","timestamp":1768858441184,"asset_id":"114994275701207785626035089867908246328524209019060771004039661773577596682660","market":"161587","bids":[[0.01,90],[0.02,500],[0.06,500],[0.08,3044],[0.31,20],[0.49,5],[0.75,5],[0.76,33]],"asks":[[0.99,90],[0.98,5015],[0.86,46]]}}
{"timestamp":1768858441339,"type":"book","data":{"type":"book","timestamp":1768858441339,"asset_id":"84120862040579504625504822431671033934475567864159620983990020071323062262114","market":"161587","bids":[[0.01,768.63],[0.02,1800],[0.03,310.63],[0.05,200],[0.08,400],[0.09,1111],[0.11,50],[0.12,50],[0.13,2079],[0.22,215],[0.53,1500],[0.55,7.57]],"asks":[[0.99,742.54],[0.98,2100],[0.94,1871.4],[0.92,105.4],[0.91,1779],[0.9,150],[0.83,200],[0.8,215],[0.71,1500],[0.67,102.04]]}}
{"timestamp":1768858441503,"type":"book","data":{"type":"book","timestamp":1768858441503,"asset_id":"31605486503245302892484918796618037462252526786950870814089276799563620498223","market":"161587","bids":[[0.01,742.54],[0.02,2100],[0.06,1871.4],[0.08,105.4],[0.09,1779],[0.1,150],[0.17,200],[0.2,215],[0.29,1500],[0.33,102.04]],"asks":[[0.99,768.63],[0.98,1800],[0.97,310.63],[0.95,200],[0.92,400],[0.91,1111],[0.89,50],[0.88,50],[0.87,2079],[0.78,215],[0.47,1500],[0.45,7.57]]}}
{"timestamp":1768858441631,"type":"book","data":{"type":"book","timestamp":1768858441631,"asset_id":"52913956114341607252810840829851586741596208092031960365951091843918311115712","market":"161587","bids":[[0.01,725],[0.02,800],[0.03,600],[0.05,200],[0.08,100],[0.09,1811],[0.1,55],[0.11,500],[0.13,100],[0.14,50],[0.15,1779],[0.17,200],[0.47,1500]],"asks":[[0.99,725],[0.98,1800],[0.97,600],[0.94,1966],[0.91,700],[0.9,5],[0.89,1979],[0.88,200],[0.84,100],[0.82,200],[0.67,1500],[0.66,292]]}}
{"timestamp":1768858441774,"type":"book","data":{"type":"book","timestamp":1768858441774,"asset_id":"101611788763604182009081598218650589988620418532960590031041926997259162552885","market":"161587","bids":[[0.01,725],[0.02,1800],[0.03,600],[0.06,1966],[0.09,700],[0.1,5],[0.11,1979],[0.12,200],[0.16,100],[0.18,200],[0.33,1500],[0.34,292]],"asks":[[0.99,725],[0.98,800],[0.97,600],[0.95,200],[0.92,100],[0.91,1811],[0.9,55],[0.89,500],[0.87,100],[0.86,50],[0.85,1779],[0.83,200],[0.53,1500]]}}
{"timestamp":1768858441924,"type":"book","data":{"type":"book","timestamp":1768858441924,"asset_id":"60854482386705306074271452945147814262686505626338572994501795906620218532455","market":"161587","bids":[],"asks":[[0.999,100009.13],[0.998,55000],[0.997,11.56],[0.992,155],[0.991,56055],[0.99,27055.21],[0.989,155],[0.98,1400],[0.979,14.47],[0.95,1300],[0.92,155],[0.903,100],[0.902,10600],[0.901,100],[0.9,3500],[0.899,5.93],[0.859,1359],[0.8,50],[0.73,50],[0.66,50],[0.53,100],[0.51,100],[0.503,200],[0.502,1500],[0.501,100],[0.25,60],[0.233,60],[0.232,571],[0.231,60],[0.23,60],[0.228,5.51],[0.217,18.66],[0.216,33.26],[0.01,900],[0.009,757.54],[0.008,50.4],[0.007,45.31],[0.006,40.24],[0.005,35.17],[0.004,30.12],[0.003,25.07],[0.002,20.04],[0.001,1155]]}}
{"timestamp":1768858442053,"type":"book","data":{"type":"book","timestamp":1768858442053,"asset_id":"109974464011407510311184872783466711205513981066359875513765218021885225826488","market":"161587","bids":[[0.001,100009.13],[0.002,55000],[0.003,11.56],[0.008,155],[0.009,56055],[0.01,27055.21],[0.011,155],[0.02,1400],[0.021,14.47],[0.05,1300],[0.08,155],[0.097,100],[0.098,10600],[0.099,100],[0.1,3500],[0.101,5.93],[0.141,1359],[0.2,50],[0.27,50],[0.34,50],[0.47,100],[0.49,100],[0.497,200],[0.498,1500],[0.499,100],[0.75,60],[0.767,60],[0.768,571],[0.769,60],[0.77,60],[0.772,5.51],[0.783,18.66],[0.784,33.26],[0.99,900],[0.991,757.54],[0.992,50.4],[0.993,45.31],[0.994,40.24],[0.995,35.17],[0.996,30.12],[0.997,25.07],[0.998,20.04],[0.999,1155]],"asks":[]}}
{"timestamp":1768858442177,"type":"book","data":{"type":"book","timestamp":1768858442177,"asset_id":"55922024386758674305891505992525691291603317003989164672671598251586350466120","market":"161587","bids":[[0.01,725],[0.02,900],[0.03,200],[0.06,700],[0.08,100],[0.09,1211],[0.1,50],[0.11,200],[0.13,500],[0.14,1779],[0.49,1500]],"asks":[[0.99,725],[0.98,1600],[0.95,2300],[0.91,300],[0.9,1779],[0.88,300],[0.84,200],[0.83,200],[0.72,1500]]}}
{"timestamp":1768858442310,"type":"book","data":{"type":"book","timestamp":1768858442310,"asset_id":"19801304860676403582225493665227711141504600330771746658898325407677304852268","market":"161587","bids":[[0.01,725],[0.02,1600],[0.05,2300],[0.09,300],[0.1,1779],[0.12,300],[0.16,200],[0.17,200],[0.28,1500]],"asks":[[0.99,725],[0.98,900],[0.97,200],[0.94,700],[0.92,100],[0.91,1211],[0.9,50],[0.89,200],[0.87,500],[0.86,1779],[0.51,1500]]}}
{"timestamp":1768858442444,"type":"book","data":{"type":"book","timestamp":1768858442444,"asset_id":"48880380018017890900431761786115484907392010962335433452913978045838402624310","market":"161587","bids":[[0.01,80.5],[0.02,5000],[0.03,5],[0.12,44]],"asks":[[0.99,80.5],[0.94,1666],[0.93,1779],[0.23,46]]}}
{"timestamp":1768858442567,"type":"book","data":{"type":"book","timestamp":1768858442567,"asset_id":"109145261608975416082872682697463576130121579731407045593475179295471451760316","market":"161587","bids":[[0.01,80.5],[0.06,1666],[0.07,1779],[0.77,46]],"asks":[[0.99,80.5],[0.98,5000],[0.97,5],[0.88,44]]}}
{"timestamp":1768858442694,"type":"book","data":{"type":"book","timestamp":1768858442694,"asset_id":"83899814067708389406462136488758126712740448864742246697134907881561006435164","market":"161587","bids":[[0.01,23710.11],[0.02,2250],[0.03,150],[0.04,150],[0.05,155],[0.06,150],[0.07,2572],[0.08,1250],[0.09,250],[0.1,155],[0.15,300],[0.18,55],[0.2,64.51],[0.28,150],[0.31,60],[0.32,60.29],[0.33,6600],[0.35,543],[0.36,5030],[0.37,7994.22],[0.38,1559],[0.39,6804],[0.4,16410.11],[0.41,9272.11],[0.42,8690.57],[0.43,1258.3]],"asks":[[0.99,24086.13],[0.98,2541.09],[0.97,150],[0.96,250],[0.95,155],[0.94,150],[0.93,2595],[0.91,1261],[0.9,5],[0.86,50],[0.85,807.22],[0.81,5.01],[0.8,89.41],[0.79,22.4],[0.76,5],[0.75,14],[0.7,51.05],[0.68,5.07],[0.66,8.06],[0.64,16],[0.63,15.4],[0.62,7],[0.6,50.4],[0.56,6607.49],[0.55,15],[0.54,15.98],[0.53,4965.09],[0.52,18],[0.51,7487.63],[0.5,11012.11],[0.49,13520.11],[0.48,7378.91],[0.47,7825.41],[0.46,1882.61]]}}
{"timestamp":1768858442855,"type":"book","data":{"type":"book","timestamp":1768858442855,"asset_id":"73222854146421675752746898713600437350256675719760876211589957230651142068940","market":"161587","bids":[[0.01,24086.13],[0.02,2541.09],[0.03,150],[0.04,250],[0.05,155],[0.06,150],[0.07,2595],[0.09,1261],[0.1,5],[0.14,50],[0.15,807.22],[0.19,5.01],[0.2,89.41],[0.21,22.4],[0.24,5],[0.25,14],[0.3,51.05],[0.32,5.07],[0.34,8.06],[0.36,16],[0.37,15.4],[0.38,7],[0.4,50.4],[0.44,6607.49],[0.45,15],[0.46,15.98],[0.47,4965.09],[0.48,18],[0.49,7487.63],[0.5,11012.11],[0.51,12866.11],[0.52,7378.91],[0.53,7825.41],[0.54,1882.61]],"asks":[[0.99,23710.11],[0.98,2250],[0.97,150],[0.96,150],[0.95,155],[0.94,150],[0.93,2572],[0.92,1250],[0.91,250],[0.9,155],[0.85,300],[0.82,55],[0.8,64.51],[0.72,150],[0.69,60],[0.68,60.29],[0.67,6600],[0.65,543],[0.64,5030],[0.63,7994.22],[0.62,1559],[0.61,6779],[0.6,16410.11],[0.59,9272.11],[0.58,8690.57],[0.57,1258.3]]}}
{"timestamp":1768858442984,"type":"book","data":{"type":"book","timestamp":1768858442984,"asset_id":"81161860771407456912311120769878579619899929946299879214687327424218608547436","market":"161587","bids":[[0.01,80.5],[0.02,5000],[0.08,300],[0.32,46]],"asks":[[0.99,80.5],[0.97,3333],[0.96,1779],[0.42,46]]}}
{"timestamp":1768858443121,"type":"book","data":{"type":"book","timestamp":1768858443121,"asset_id":"25956482380991640813348808462637848560995942866526952689992175052729937091125","market":"161587","bids":[[0.01,80.5],[0.03,3333],[0.04,1779],[0.58,46]],"asks":[[0.99,80.5],[0.98,5000],[0.92,300],[0.68,46]]}}
{"timestamp":1768858443258,"type":"book","data":{"type":"book","timestamp":1768858443258,"asset_id":"44593029081753584788926889114013513766238403243363877426124190880950967120544","market":"161587","bids":[[0.01,398.04],[0.02,500],[0.03,3333],[0.04,5000],[0.1,147],[0.11,23],[0.15,100],[0.18,46]],"asks":[[0.99,11589.72],[0.98,2100],[0.97,300],[0.94,500],[0.91,250],[0.9,5],[0.86,100],[0.85,866],[0.8,50],[0.78,399.64],[0.72,50],[0.66,50],[0.65,140],[0.3,1000],[0.29,1051],[0.28,2222.04],[0.27,362.04]]}}
{"timestamp":1768858443425,"type":"book","data":{"type":"book","timestamp":1768858443425,"asset_id":"58170043872476553471723118954807775331301830716581845479265936031297794924283","market":"161587","bids":[[0.01,11589.72],[0.02,2100],[0.03,300],[0.06,500],[0.09,250],[0.1,5],[0.14,100],[0.15,866],[0.2,50],[0.22,399.64],[0.28,50],[0.34,50],[0.35,140],[0.7,1000],[0.71,1051],[0.72,2222.04],[0.73,362.04]],"asks":[[0.99,398.04],[0.98,500],[0.97,3333],[0.96,5000],[0.9,20],[0.85,227],[0.84,23],[0.82,46]]}}
{"timestamp":1768858443612,"type":"book","data":{"type":"book","timestamp":1768858443612,"asset_id":"79867546103527251186695916366803943551882905728089795572856469653182146573182","market":"161587","bids":[[0.01,50],[0.02,25],[0.05,5.51],[0.06,5.51]],"asks":[[0.99,50]]}}
{"timestamp":1768858443784,"type":"book","data":{"type":"book","timestamp":1768858443784,"asset_id":"41178199935822859951659453545153667608689402220859633728390614617019943875191","market":"161587","bids":[[0.01,50]],"asks":[[0.99,50],[0.98,25],[0.95,5.51],[0.94,5.51]]}}
{"timestamp":1768858443954,"type":"book","data":{"type":"book","timestamp":1768858443954,"asset_id":"53531231245646278389212793848294991664721833905088808710202491355873178178422","market":"161587","bids":[[0.01,50],[0.02,25],[0.05,5.51],[0.06,5.51]],"asks":[[0.99,50]]}}
{"timestamp":1768858444118,"type":"book","data":{"type":"book","timestamp":1768858444118,"asset_id":"7142164331099478017237422095163785740435582452939850303622895577942265627947","market":"161587","bids":[[0.01,50]],"asks":[[0.99,50],[0.98,25],[0.95,5.51],[0.94,5.51]]}}
{"timestamp":1768858444266,"type":"book","data":{"type":"book","timestamp":1768858444266,"asset_id":"94160515795879566153002944972741512251146074743459279119403075652615644127934","market":"161587","bids":[[0.01,115.5],[0.03,3633],[0.04,5.51],[0.08,4062],[0.09,1779],[0.16,200]],"asks":[[0.99,615.5],[0.96,1100],[0.94,2466],[0.89,550],[0.88,1779],[0.84,200],[0.83,200],[0.82,1805],[0.5,200]]}}
{"timestamp":1768858444424,"type":"book","data":{"type":"book","timestamp":1768858444424,"asset_id":"54255397860528834121594276849886749081550326493013665766978910049526974125093","market":"161587","bids":[[0.01,615.5],[0.04,1100],[0.06,2466],[0.11,550],[0.12,1779],[0.16,200],[0.17,200],[0.18,1805],[0.5,200]],"asks":[[0.99,115.5],[0.97,3633],[0.96,5.51],[0.92,4062],[0.91,1779],[0.84,200]]}}
{"timestamp":1768858444602,"type":"book","data":{"type":"book","timestamp":1768858444602,"asset_id":"2281309566574130642807730816726303714419168586997236681707499099398936474185","market":"161587","bids":[[0.01,80.5],[0.02,16250],[0.03,3333],[0.25,46]],"asks":[[0.99,80.5],[0.97,3333],[0.96,9904],[0.36,39]]}}
{"timestamp":1768858444726,"type":"book","data":{"type":"book","timestamp":1768858444726,"asset_id":"40425059971189106017414882636018632801130467619803319376400325238628202757805","market":"161587","bids":[[0.01,80.5],[0.03,3333],[0.04,9904],[0.64,39]],"asks":[[0.99,80.5],[0.98,16250],[0.97,3333],[0.75,46]]}}
{"timestamp":1768858444858,"type":"book","data":{"type":"book","timestamp":1768858444858,"asset_id":"85356151034142958812118326873548413742312509549787317293018964257573037506843","market":"161587","bids":[[0.01,100],[0.04,62],[0.05,55],[0.06,5.51]],"asks":[[0.99,100],[0.98,125],[0.97,49]]}}
{"timestamp":1768858444994,"type":"book","data":{"type":"book","timestamp":1768858444994,"asset_id":"1338443871756370759655533003784332150179102079166042651190409012460654731030","market":"161587","bids":[[0.01,100],[0.02,125],[0.03,49]],"asks":[[0.99,100],[0.96,62],[0.95,55],[0.94,5.51]]}}
{"timestamp":1768858445120,"type":"book","data":{"type":"book","timestamp":1768858445120,"asset_id":"104561417469280438624857704713303730213235315036975837304809065111097458149113","market":"161587","bids":[],"asks":[[0.999,100009.13],[0.998,55000],[0.997,14.79],[0.992,155],[0.991,56055],[0.99,27000],[0.989,155],[0.988,7.28],[0.98,2100],[0.97,300],[0.969,8.35],[0.95,200],[0.92,255],[0.903,100],[0.902,10600],[0.901,100],[0.9,3650],[0.899,5.93],[0.86,50],[0.85,500],[0.849,662],[0.8,50],[0.73,50],[0.66,50],[0.53,100],[0.51,100],[0.503,200],[0.502,1500],[0.501,100],[0.5,650],[0.25,60],[0.233,60],[0.232,570],[0.231,60],[0.23,60],[0.213,26.33],[0.212,16.53],[0.211,25],[0.21,11.02],[0.01,2840],[0.009,644],[0.001,5]]}}
{"timestamp":1768858445262,"type":"book","data":{"type":"book","timestamp":1768858445262,"asset_id":"90508786464936430054960174057014699141737305916344517232838682389750156463791","market":"161587","bids":[[0.001,100009.13],[0.002,55000],[0.003,14.79],[0.008,155],[0.009,56055],[0.01,27000],[0.011,155],[0.012,7.28],[0.02,2100],[0.03,300],[0.031,8.35],[0.05,200],[0.08,255],[0.097,100],[0.098,10600],[0.099,100],[0.1,3650],[0.101,5.93],[0.14,50],[0.15,500],[0.151,662],[0.2,50],[0.27,50],[0.34,50],[0.47,100],[0.49,100],[0.497,200],[0.498,1500],[0.499,100],[0.5,650],[0.75,60],[0.767,60],[0.768,570],[0.769,60],[0.77,60],[0.787,26.33],[0.788,16.53],[0.789,25],[0.79,11.02],[0.99,2840],[0.991,644],[0.999,5]],"asks":[]}}
{"timestamp":1768858445396,"type":"book","data":{"type":"book","timestamp":1768858445396,"asset_id":"51640950844529073540440468921446646609840378218681177771835773486695222195363","market":"161587","bids":[],"asks":[[0.999,99999],[0.998,55000],[0.992,155],[0.991,56055],[0.99,27050],[0.989,155],[0.98,2100],[0.97,300],[0.95,200],[0.92,255],[0.903,100],[0.902,10600],[0.901,100],[0.9,3650],[0.86,50],[0.85,500],[0.849,662],[0.8,50],[0.73,50],[0.66,50],[0.53,100],[0.51,100],[0.503,200],[0.502,1500],[0.501,100],[0.5,650],[0.25,60],[0.233,60],[0.232,917],[0.231,60],[0.23,60],[0.229,47.68],[0.228,5.51],[0.01,2900],[0.009,704.54],[0.008,50.4],[0.007,45.31],[0.006,40.24],[0.005,35.17],[0.004,30.12],[0.003,25.07],[0.002,20.04],[0.001,1155]]}}
{"timestamp":1768858445531,"type":"book","data":{"type":"book","timestamp":1768858445531,"asset_id":"45580499855571815703798438949570518410899588907349508423148937057071386680821","market":"161587","bids":[[0.001,99999],[0.002,55000],[0.008,155],[0.009,56055],[0.01,27050],[0.011,155],[0.02,2100],[0.03,300],[0.05,200],[0.08,255],[0.097,100],[0.098,10600],[0.099,100],[0.1,3650],[0.14,50],[0.15,500],[0.151,662],[0.2,50],[0.27,50],[0.34,50],[0.47,100],[0.49,100],[0.497,200],[0.498,1500],[0.499,100],[0.5,650],[0.75,60],[0.767,60],[0.768,917],[0.769,60],[0.77,60],[0.771,47.68],[0.772,5.51],[0.99,2900],[0.991,704.54],[0.992,50.4],[0.993,45.31],[0.994,40.24],[0.995,35.17],[0.996,30.12],[0.997,25.07],[0.998,20.04],[0.999,1155]],"asks":[]}}
{"timestamp":1768858445669,"type":"book","data":{"type":"book","timestamp":1768858445669,"asset_id":"80955465573788561519287799238070819726068512211014816914447962346674298193040","market":"161587","bids":[[0.001,100009.13],[0.002,55000],[0.003,11.56],[0.008,155],[0.009,56055],[0.01,27005.21],[0.011,155],[0.02,1400],[0.021,14.47],[0.05,1300],[0.06,5.51],[0.08,155],[0.097,100],[0.098,10600],[0.099,100],[0.1,3650],[0.101,5.93],[0.14,50],[0.15,500],[0.151,662],[0.2,50],[0.27,50],[0.34,50],[0.47,100],[0.49,100],[0.497,200],[0.498,1500],[0.499,100],[0.5,650],[0.75,60],[0.767,60],[0.768,572],[0.769,60],[0.77,60],[0.772,41.57],[0.773,25],[0.99,12748.49],[0.991,704.54],[0.992,50.4],[0.993,45.31],[0.994,40.24],[0.995,35.17],[0.996,30.12],[0.997,25.07],[0.998,20.04],[0.999,2098.48]],"asks":[]}}
{"timestamp":1768858445811,"type":"book","data":{"type":"book","timestamp":1768858445811,"asset_id":"113421581696345614187888921984273009220039924345606711784540408098901651166996","market":"161587","bids":[],"asks":[[0.999,100009.13],[0.998,55000],[0.997,11.56],[0.992,155],[0.991,56055],[0.99,27005.21],[0.989,155],[0.98,1400],[0.979,14.47],[0.95,1300],[0.94,5.51],[0.92,155],[0.903,100],[0.902,10600],[0.901,100],[0.9,3650],[0.899,5.93],[0.86,50],[0.85,500],[0.849,662],[0.8,50],[0.73,50],[0.66,50],[0.53,100],[0.51,100],[0.503,200],[0.502,1500],[0.501,100],[0.5,650],[0.25,60],[0.233,60],[0.232,572],[0.231,60],[0.23,60],[0.228,41.57],[0.227,25],[0.01,12748.49],[0.009,704.54],[0.008,50.4],[0.007,45.31],[0.006,40.24],[0.005,35.17],[0.004,30.12],[0.003,25.07],[0.002,20.04],[0.001,2098.48]]}}
{"timestamp":1768858445948,"type":"book","data":{"type":"book","timestamp":1768858445948,"asset_id":"49404837919351069799222213313406510058029700415636380320303383151853211606461","market":"161587","bids":[[0.01,55.51],[0.02,5.51],[0.03,16],[0.04,25],[0.05,55],[0.06,5.51]],"asks":[[0.99,50],[0.95,60],[0.94,30.51]]}}
{"timestamp":1768858446074,"type":"book","data":{"type":"book","timestamp":1768858446074,"asset_id":"3986689974687749401569762749790970504891242225395088232355646709432459801755","market":"161587","bids":[[0.01,50],[0.05,60],[0.06,30.51]],"asks":[[0.99,55.51],[0.98,5.51],[0.97,16],[0.96,25],[0.95,55],[0.94,5.51]]}}
{"timestamp":1768858446237,"type":"book","data":{"type":"book","timestamp":1768858446237,"asset_id":"99168974266843179978354052234653670711404329776440032034213602407634856160915","market":"161587","bids":[[0.01,50],[0.02,25],[0.03,5.51]],"asks":[[0.99,50]]}}
{"timestamp":1768858446370,"type":"book","data":{"type":"book","timestamp":1768858446370,"asset_id":"15990901704723151577745665847245503498242174471602590883916296397653362695840","market":"161587","bids":[[0.01,50]],"asks":[[0.99,50],[0.98,25],[0.97,5.51]]}}
{"timestamp":1768858446492,"type":"book","data":{"type":"book","timestamp":1768858446492,"asset_id":"23117719725712472213764522342988165288233183423538400617261626518241093294703","market":"161587","bids":[[0.01,50],[0.02,25],[0.03,5.51]],"asks":[[0.99,50]]}}
{"timestamp":1768858446618,"type":"book","data":{"type":"book","timestamp":1768858446618,"asset_id":"29048920123422896108922056005135610136327701403093628618323034011331962504239","market":"161587","bids":[[0.01,50]],"asks":[[0.99,50],[0.98,25],[0.97,5.51]]}}
{"timestamp":1768858446745,"type":"book","data":{"type":"book","timestamp":1768858446745,"asset_id":"89196817534650214518343470810012288381453951103093009932230380153906165978759","market":"161587","bids":[[0.01,70.51],[0.03,25],[0.04,30.51]],"asks":[[0.99,50]]}}
{"timestamp":1768858446902,"type":"book","data":{"type":"book","timestamp":1768858446902,"asset_id":"15633387036100115266322094291506265989553265793281973176905404845199622381518","market":"161587","bids":[[0.01,50]],"asks":[[0.99,70.51],[0.97,25],[0.96,30.51]]}}
{"timestamp":1768858447037,"type":"book","data":{"type":"book","timestamp":1768858447037,"asset_id":"49335016365941641409952976129113215306810130872796911770220968674695550227620","market":"161587","bids":[[0.01,50],[0.02,25],[0.03,5.51]],"asks":[[0.99,50]]}}
{"timestamp":1768858447191,"type":"book","data":{"type":"book","timestamp":1768858447191,"asset_id":"83762004711915891788797964319803421904923212191800334283779459846638388049876","market":"161587","bids":[[0.01,50]],"asks":[[0.99,50],[0.98,25],[0.97,5.51]]}}
{"timestamp":1768858447319,"type":"book","data":{"type":"book","timestamp":1768858447319,"asset_id":"51859461336493165622472425900220749386708018986520817300834494664041845827840","market":"161587","bids":[[0.01,50],[0.02,25],[0.04,5.51],[0.05,11]],"asks":[[0.99,50],[0.98,25]]}}
{"timestamp":1768858447459,"type":"book","data":{"type":"book","timestamp":1768858447459,"asset_id":"8529817399593092932868619955036462122236499040969175261261611684243758201892","market":"161587","bids":[[0.01,50],[0.02,25]],"asks":[[0.99,50],[0.98,25],[0.96,5.51],[0.95,11]]}}
{"timestamp":1768858447591,"type":"book","data":{"type":"book","timestamp":1768858447591,"asset_id":"9120915729602249445620577692804945151875704171399581054915760950889830582597","market":"161587","bids":[[0.01,50],[0.03,33],[0.04,25],[0.05,5.51]],"asks":[[0.99,150]]}}
{"timestamp":1768858447758,"type":"book","data":{"type":"book","timestamp":1768858447758,"asset_id":"47977653821762789883975001802056017674308731879435373641510409955848058610918","market":"161587","bids":[[0.01,150]],"asks":[[0.99,50],[0.97,33],[0.96,25],[0.95,5.51]]}}
{"timestamp":1768858447900,"type":"book","data":{"type":"book","timestamp":1768858447900,"asset_id":"81039110590188118185318140412490382472467200844540360650605775700109662880113","market":"161587","bids":[[0.01,50],[0.02,25],[0.03,5.51]],"asks":[[0.99,65]]}}
{"timestamp":1768858448045,"type":"book","data":{"type":"book","timestamp":1768858448045,"asset_id":"2667309821146099214315983821785431182474285484243878097986007057468677343348","market":"161587","bids":[[0.01,50]],"asks":[[0.99,50],[0.98,25],[0.97,5.51]]}}
{"timestamp":1768858448209,"type":"book","data":{"type":"book","timestamp":1768858448209,"asset_id":"24149837465812544749905902967180296948686555674306251030277465520781639999133","market":"161587","bids":[[0.01,50],[0.03,33],[0.04,25],[0.05,5.51]],"asks":[[0.99,150]]}}
{"timestamp":1768858448336,"type":"book","data":{"type":"book","timestamp":1768858448336,"asset_id":"84384442381949376194512910399545184963727099278155579224374632446057025235247","market":"161587","bids":[[0.01,150]],"asks":[[0.99,50],[0.97,33],[0.96,25],[0.95,5.51]]}}
{"timestamp":1768858448482,"type":"book","data":{"type":"book","timestamp":1768858448482,"asset_id":"34130029555333481410138913504371238679856860292518927586466769475661539617443","market":"161587","bids":[[0.01,50],[0.02,25],[0.03,5.51]],"asks":[[0.99,50]]}}
{"timestamp":1768858448609,"type":"book","data":{"type":"book","timestamp":1768858448609,"asset_id":"79608484467359140021508230970847311886652283787528822345528181281312803620924","market":"161587","bids":[[0.01,50]],"asks":[[0.99,50],[0.98,25],[0.97,5.51]]}}
{"timestamp":1768858448732,"type":"book","data":{"type":"book","timestamp":1768858448732,"asset_id":"97040212064446394960539836623423876178691598622568810188407885534471977571669","market":"161587","bids":[[0.01,1015.5],[0.04,500],[0.06,400],[0.08,100],[0.09,1779],[0.11,200],[0.16,200],[0.2,805],[0.21,952],[0.24,954],[0.3,613]],"asks":[[0.99,615.5],[0.98,1100],[0.94,300],[0.91,700],[0.89,200],[0.88,1779],[0.84,200],[0.83,1911],[0.58,76],[0.55,79]]}}
{"timestamp":1768858448863,"type":"book","data":{"type":"book","timestamp":1768858448863,"asset_id":"66861719874868483654276583920179307623815372003867226773517436334945195054581","market":"161587","bids":[[0.01,615.5],[0.02,1100],[0.06,300],[0.09,700],[0.11,200],[0.12,1779],[0.16,200],[0.17,1911],[0.42,76],[0.45,79]],"asks":[[0.99,1015.5],[0.96,500],[0.94,400],[0.92,100],[0.91,1779],[0.89,200],[0.84,200],[0.8,805],[0.79,952],[0.75,600],[0.7,13]]}}
{"timestamp":1768858449503,"type":"book","data":{"type":"book","timestamp":1768858449503,"asset_id":"81039110590188118185318140412490382472467200844540360650605775700109662880113","market":"0xed49b308e6f28a527f10ce2c9d849a45f515935c1adc95a111893399c1709299","bids":[[0.01,50],[0.02,25],[0.03,5.51]],"asks":[[0.99,65]],"hash":"be01d1e9254580efa692204ca8a4cbb0c1f1ce26"}}
{"timestamp":1768858449504,"type":"book","data":{"type":"book","timestamp":1768858449504,"asset_id":"79608484467359140021508230970847311886652283787528822345528181281312803620924","market":"0xe0c45c38597364a10040b4cd5b6b68e099fa0f67a7cf906b7fda8acbc981b382","bids":[[0.01,50]],"asks":[[0.99,50],[0.98,25],[0.97,5.51]],"hash":"a2731668cad4423e7e79f7c1c91217cf00e4c6e9"}}
{"timestamp":1768858449504,"type":"book","data":{"type":"book","timestamp":1768858449504,"asset_id":"33672246756272849240665557330388834060801478981449620394497796903940273756329","market":"0x2723a2fc360d2c29d15b6ee7904688deead72c9970cbee5112880d532b73574d","bids":[[0.01,50]],"asks":[[0.99,50],[0.98,25],[0.97,5.51]],"hash":"7a81221082f6079ed424cbe2f31a0da297cecfe2"}}
{"timestamp":1768858449504,"type":"book","data":{"type":"book","timestamp":1768858449504,"asset_id":"111436004474608829181688199751793007557865850840578909060278133660760146801937","market":"0xca03f1e4e2a81ed9d91331e4354e4f07fd1f897dd400f41f810d6db09e8b7a83","bids":[[0.01,50]],"asks":[[0.99,50],[0.98,25],[0.97,5.51]],"hash":"b7e12e3613ffc3b82c8bf3c8d6b01a9677583d42"}}
{"timestamp":1768858449504,"type":"book","data":{"type":"book","timestamp":1768858449504,"asset_id":"81161860771407456912311120769878579619899929946299879214687327424218608547436","market":"0x2397d58005858b5b7271c776adac1b4fa32491286339f3dc3139df9dece7d6c3","bids":[[0.01,80.5],[0.08,300],[0.09,2222],[0.34,46]],"asks":[[0.99,80.5],[0.96,5000],[0.95,1779],[0.45,46]],"hash":"9c8d876141fb86cc89aaf1c50615867ee2b8db40"}}
{"timestamp":1768858449504,"type":"book","data":{"type":"book","timestamp":1768858449504,"asset_id":"29048920123422896108922056005135610136327701403093628618323034011331962504239","market":"0x6964f9a8a358b91d5a0a13458445986bc803779225de647a0b9f0caff8f8aa04","bids":[[0.01,50]],"asks":[[0.99,50],[0.98,25],[0.97,5.51]],"hash":"f38a8128131d78f23b8dfdbb5c52a01b5d79d0f5"}}
{"timestamp":1768858449504,"type":"book","data":{"type":"book","timestamp":1768858449504,"asset_id":"8529817399593092932868619955036462122236499040969175261261611684243758201892","market":"0xab8df169971e779e7a5c7867fafa15340113bcebc1c2b6f4714c17f20b4c7868","bids":[[0.01,50],[0.02,25]],"asks":[[0.99,50],[0.98,25],[0.96,5.51],[0.95,11]],"hash":"935883ada3acb693c7a91ba5f3d91c52125e640e"}}
{"timestamp":1768858449504,"type":"book","data":{"type":"book","timestamp":1768858449504,"asset_id":"5689681855689828399428106754866979922401730116817121622527657120513897525909","market":"0x994852b813326db703afc598ac97f4baec56a0e9da0e586d9a0154f8b146df28","bids":[[0.01,50],[0.02,25],[0.03,5.51]],"asks":[[0.99,50]],"hash":"60a3e504565f6448b9d653b70a514eb8b744ba3a"}}
{"timestamp":1768858449504,"type":"book","data":{"type":"book","timestamp":1768858449504,"asset_id":"50983867355616416655423952313122695633917659698391114174631454013985844444839","market":"0xd5f9cc8238a4f20dd8ad877fb9d5ffa8e27c5d1cef0cb1ea0d40117e43b91221","bids":[[0.01,50],[0.02,25],[0.03,5.51]],"asks":[[0.99,50]],"hash":"721601f6e3c60fa413b170d8289fa1c504fe4f4c"}}
{"timestamp":1768858449504,"type":"book","data":{"type":"book","timestamp":1768858449504,"asset_id":"43563596164617197569984035984240875096743987893839105155156535794052660412514","market":"0xca03f1e4e2a81ed9d91331e4354e4f07fd1f897dd400f41f810d6db09e8b7a83","bids":[[0.01,50],[0.02,25],[0.03,5.51]],"asks":[[0.99,50]],"hash":"d3b357434bd4f97f9aea67767fc5e392191df467"}}
{"timestamp":1768858449504,"type":"book","data":{"type":"book","timestamp":1768858449504,"asset_id":"104561417469280438624857704713303730213235315036975837304809065111097458149113","market":"0x74359b1889c9b4f5a84c1cac8cfd2dd6f48731fedb44f7a7e803b9c8cd6de6d8","bids":[],"asks":[[0.999,100009.13],[0.998,55000],[0.997,14.79],[0.992,155],[0.991,56055],[0.99,27000],[0.989,155],[0.988,7.28],[0.98,2100],[0.97,300],[0.969,8.35],[0.95,200],[0.92,255],[0.903,100],[0.902,10600],[0.901,100],[0.9,3650],[0.899,5.93],[0.86,50],[0.85,500],[0.8,50],[0.73,50],[0.66,50],[0.53,100],[0.51,100],[0.503,200],[0.502,1500],[0.501,100],[0.5,400],[0.25,60],[0.233,60],[0.232,570],[0.231,60],[0.23,60],[0.213,26.33],[0.212,16.53],[0.211,25],[0.21,11.02],[0.01,2840],[0.009,644],[0.001,5]],"hash":"83dc7b84109ca84346ae882b1933a229c51f00df"}}
{"timestamp":1768858449504,"type":"book","data":{"type":"book","timestamp":1768858449504,"asset_id":"47977653821762789883975001802056017674308731879435373641510409955848058610918","market":"0x0a60f9a74cecb46233fd113a9b77d3aeeacbb57a7d44d78423225ef7e2e81a71","bids":[[0.01,150]],"asks":[[0.99,50],[0.97,33],[0.96,25],[0.95,5.51]],"hash":"0031e793abb48fa8419a82abbfe25f4d97f51818"}}
{"timestamp":1768858449504,"type":"book","data":{"type":"book","timestamp":1768858449504,"asset_id":"40425059971189106017414882636018632801130467619803319376400325238628202757805","market":"0x6dfb3d43cd0029526113cdd085d4ebab3fc9274d3095295d69ac24e27ab1dd98","bids":[[0.01,80.5],[0.04,5000],[0.05,1779],[0.64,39]],"asks":[[0.99,80.5],[0.98,10000],[0.75,46]],"hash":"7a75cb3a7407d28384379c04a156b9de827b43f8"}}
{"timestamp":1768858449504,"type":"book","data":{"type":"book","timestamp":1768858449504,"asset_id":"71459940788768289369388827341933628291041428032682324236872093006027462842932","market":"0xc3bb03827ffd54c915712e01268060664edc4b9a7e10c3687a46414a8fbd61fa","bids":[[0.01,50],[0.02,25],[0.03,5.51]],"asks":[[0.99,50]],"hash":"064b15fe34885a08c790c76340f21cf12541d170"}}
{"timestamp":1768858449504,"type":"book","data":{"type":"book","timestamp":1768858449504,"asset_id":"44593029081753584788926889114013513766238403243363877426124190880950967120544","market":"0xc6dd49ce5ac996f24caedb7cf1a5325f10e2013df38d06118da35a7835f90d79","bids":[[0.01,398.04],[0.02,500],[0.05,100],[0.06,165],[0.1,5]],"asks":[[0.99,11589.72],[0.98,2450],[0.97,300],[0.94,500],[0.92,100],[0.91,100],[0.9,5],[0.86,100],[0.85,200],[0.79,50],[0.73,50],[0.72,1779],[0.66,50],[0.65,140],[0.64,555],[0.63,399.64],[0.3,100],[0.29,151],[0.28,684],[0.27,447.04],[0.26,115],[0.25,30]],"hash":"ace6645b8d26ff904d5996a3939d8c27db3e27d2"}}
{"timestamp":1768858449505,"type":"book","data":{"type":"book","timestamp":1768858449505,"asset_id":"24149837465812544749905902967180296948686555674306251030277465520781639999133","market":"0xa080927f19a54d86c89bd3555541b3abfbf53e98cf0e5f964e1729528e7df2d6","bids":[[0.01,50],[0.03,33],[0.04,25],[0.05,5.51]],"asks":[[0.99,150]],"hash":"da29f88c9a955f3ca2dbf2b51e7bcb9257399b84"}}
{"timestamp":1768858449505,"type":"book","data":{"type":"book","timestamp":1768858449505,"asset_id":"65238912540593149767509870878968239590124887893827161207600259653260563923070","market":"0x1371096e2c0565a907fc829678011b2f494ba2bcc4d2fa7e34463ce2b507f203","bids":[[0.01,65],[0.02,25],[0.03,5.51]],"asks":[[0.99,50]],"hash":"29e8c8c42f71adcc4f0e4970d55f6a408bde2679"}}
{"timestamp":1768858449505,"type":"book","data":{"type":"book","timestamp":1768858449505,"asset_id":"109974464011407510311184872783466711205513981066359875513765218021885225826488","market":"0xd832ad310ac0e7586c26de1784c8acb2d9e050ad9a264e2bea6db9c0dc0832ed","bids":[[0.001,100009.13],[0.002,55000],[0.003,11.56],[0.008,155],[0.009,56055],[0.01,27055.21],[0.011,155],[0.02,1400],[0.021,14.47],[0.05,1300],[0.08,155],[0.097,100],[0.098,10600],[0.099,100],[0.1,3550],[0.101,5.93],[0.141,600],[0.2,50],[0.27,50],[0.34,50],[0.47,100],[0.49,100],[0.497,200],[0.498,1500],[0.499,100],[0.5,400],[0.75,60],[0.767,60],[0.768,571],[0.769,60],[0.77,60],[0.783,18.66],[0.784,33.26],[0.785,5.51],[0.99,900],[0.991,757.54],[0.992,50.4],[0.993,45.31],[0.994,40.24],[0.995,35.17],[0.996,30.12],[0.997,25.07],[0.998,20.04],[0.999,1155]],"asks":[],"hash":"4410f2cc150fb5f49489f29a3d28069456ee9619"}}
{"timestamp":1768858449505,"type":"book","data":{"type":"book","timestamp":1768858449505,"asset_id":"23982213020675018791507326977308149379200692959141537028293395142867568952427","market":"0x0afef6598f68b1b2d47bca956116bbaa7d11f39d665f883aae5cc126c8e991c9","bids":[[0.001,49.68],[0.002,7.49],[0.01,50],[0.011,7.58],[0.02,25],[0.029,20.39],[0.032,6250],[0.05,5.51],[0.051,5.4],[0.061,13.12],[0.99,82.39]],"asks":[],"hash":"c5ac3dd824c4e88cb5929b547ab2ffd647b2f646"}}
{"timestamp":1768858449505,"type":"book","data":{"type":"book","timestamp":1768858449505,"asset_id":"1338443871756370759655533003784332150179102079166042651190409012460654731030","market":"0x2bf2d7f54a03b4b01cff5a9e010a7fa7c0532f40f111cc19050c4b7499794f87","bids":[[0.01,100],[0.02,125],[0.03,49]],"asks":[[0.99,100],[0.96,62],[0.95,55],[0.94,5.51]],"hash":"0abca7a467b96afe191a5c09f1e2084d9b7b4816"}}
{"timestamp":1768858449505,"type":"book","data":{"type":"book","timestamp":1768858449505,"asset_id":"57387565809979849367931485811783458230949362028360279464167270926827433389414","market":"0xd5f9cc8238a4f20dd8ad877fb9d5ffa8e27c5d1cef0cb1ea0d40117e43b91221","bids":[[0.01,50]],"asks":[[0.99,50],[0.98,25],[0.97,5.51]],"hash":"08eddd655e082ddc1dd683f5929e1aa25f0a1bea"}}
{"timestamp":1768858449505,"type":"book","data":{"type":"book","timestamp":1768858449505,"asset_id":"23117719725712472213764522342988165288233183423538400617261626518241093294703","market":"0x6964f9a8a358b91d5a0a13458445986bc803779225de647a0b9f0caff8f8aa04","bids":[[0.01,50],[0.02,25],[0.03,5.51]],"asks":[[0.99,50]],"hash":"8e341182fd96f1722794bb783deeba6c01567421"}}
{"timestamp":1768858449505,"type":"book","data":{"type":"book","timestamp":1768858449505,"asset_id":"97040212064446394960539836623423876178691598622568810188407885534471977571669","market":"0x4288c9795de3151e756e44062d7772b2767e5a6d213dea0a116d1317729a5e1a","bids":[[0.01,1015.5],[0.04,500],[0.06,400],[0.07,300],[0.08,200],[0.09,1779],[0.11,200],[0.16,200],[0.2,805],[0.21,952],[0.24,954],[0.25,613]],"asks":[[0.99,615.5],[0.98,1100],[0.97,300],[0.94,300],[0.91,700],[0.9,100],[0.89,200],[0.88,1779],[0.86,50],[0.84,200],[0.83,1911],[0.58,76],[0.55,79]],"hash":"657c690278bec43d3cac8f4bf00facf619d0167a"}}
{"timestamp":1768858449505,"type":"book","data":{"type":"book","timestamp":1768858449505,"asset_id":"54255397860528834121594276849886749081550326493013665766978910049526974125093","market":"0x07d3174d7e1b4b22ad3109744e9768dc255e2fe8749cc25cfc8cc900b1d3c62e","bids":[[0.01,615.5],[0.04,1100],[0.06,800],[0.11,550],[0.16,200],[0.17,1979],[0.5,200]],"asks":[[0.99,115.5],[0.97,300],[0.96,5.51],[0.91,1779],[0.84,200]],"hash":"70bd486cbfc43196356d7966542773eb24d7f37b"}}
{"timestamp":1768858449505,"type":"book","data":{"type":"book","timestamp":1768858449505,"asset_id":"94285110769567966486463661297410356109827983764157167229272297139989795256953","market":"0x4fb109511c3ba4c5bda3fe81940240b56523fbdfedd5d4f0b024af169b8ea047","bids":[[0.01,50],[0.02,25],[0.04,5.51],[0.05,5.51]],"asks":[[0.99,50]],"hash":"f442c5a7875a9279e2f3e03f39e38cf8c94db379"}}
{"timestamp":1768858449505,"type":"book","data":{"type":"book","timestamp":1768858449505,"asset_id":"24579524396187103736840535208642428472919490237386093648130273132471733218325","market":"0xc7def456adf8952db9672f973dcf89ca06106ec530bb462efb9b7c2fbb84ddbd","bids":[[0.01,105],[0.15,43]],"asks":[[0.99,90],[0.98,500],[0.94,200],[0.91,2322],[0.9,1794],[0.69,20],[0.51,5],[0.26,46],[0.25,5]],"hash":"368de7eba38636f6d00c37b41e3e5ec8c4d2b5c6"}}
{"timestamp":1768858449505,"type":"book","data":{"type":"book","timestamp":1768858449505,"asset_id":"53531231245646278389212793848294991664721833905088808710202491355873178178422","market":"0xb4cc3add2f2934d7ed77672faa5f0607f52b6e01921e6c5698142d5f21eb219b","bids":[[0.01,50],[0.02,25],[0.05,5.51],[0.06,5.51]],"asks":[[0.99,50]],"hash":"d1a146ff4255e919c541c790af532cba0188baac"}}
{"timestamp":1768858449505,"type":"book","data":{"type":"book","timestamp":1768858449505,"asset_id":"72300811647490128998831837378933981624665087909864960667694762257393293709099","market":"0xa011589aac6ecc279df805b5b5af8f624f16044eca2fdc89f4f554df3ea82fe5","bids":[],"asks":[[0.99,50],[0.98,30.51],[0.97,5.51]],"hash":"7eb9efea241bbab968e1c1a175087a337efaa241"}}
{"timestamp":1768858449505,"type":"book","data":{"type":"book","timestamp":1768858449505,"asset_id":"106502645861422820101428418410740039040950178042688282565606126950746542596804","market":"0x19d9dc9b734a8270440da3511c0127c64e18e7c034656dba600c67e1f671eec8","bids":[],"asks":[[0.99,76.03],[0.98,13.02],[0.97,5.51],[0.94,3363.51],[0.93,9.7],[0.68,27.86],[0.67,37.5],[0.66,25]],"hash":"4b6ee7e7aeb69a3464f5b6f7d9757afe5cdb2f07"}}
{"timestamp":1768858449505,"type":"book","data":{"type":"book","timestamp":1768858449505,"asset_id":"3986689974687749401569762749790970504891242225395088232355646709432459801755","market":"0x649872b98f3cd5c94d604030777b871d0ef6256d6c9485eef4dfd32c8e550870","bids":[[0.01,50],[0.05,60],[0.06,30.51]],"asks":[[0.99,55.51],[0.98,5.51],[0.97,16],[0.96,25],[0.95,55],[0.94,5.51]],"hash":"ae1a24840bf1d0a825ae5448be2357e098ee840f"}}
{"timestamp":1768858449505,"type":"book","data":{"type":"book","timestamp":1768858449505,"asset_id":"101611788763604182009081598218650589988620418532960590031041926997259162552885","market":"0xd86b1c9ac7abe2f2260bccff1c73b2b5aaa8bd72c764d232f9b8a5cbf632e04f","bids":[[0.01,725],[0.02,1850],[0.03,600],[0.06,300],[0.09,600],[0.1,5],[0.11,1979],[0.12,300],[0.18,200],[0.19,1102],[0.23,25],[0.38,25],[0.4,63],[0.41,1500],[0.42,254],[0.45,1880.88],[0.46,2456.37]],"asks":[[0.99,725],[0.98,800],[0.97,600],[0.95,200],[0.92,100],[0.91,600],[0.9,5],[0.89,2418],[0.87,100],[0.86,1829],[0.83,200],[0.82,75],[0.56,6],[0.55,229],[0.54,1930],[0.53,1936.17],[0.52,2316.44],[0.51,2316.78]],"hash":"93e17c310b4164a6140d9eb73de4e7307e352763"}}
{"timestamp":1768858449505,"type":"book","data":{"type":"book","timestamp":1768858449505,"asset_id":"89196817534650214518343470810012288381453951103093009932230380153906165978759","market":"0x5b588025b5d3cf45804912af31eb2a07577931c00213aba7c23c6e3ad3931672","bids":[[0.01,70.51],[0.03,25],[0.04,30.51]],"asks":[[0.99,50]],"hash":"299d347901e979633b220e9b4c4438713d4b1fbd"}}
{"timestamp":1768858449505,"type":"book","data":{"type":"book","timestamp":1768858449505,"asset_id":"23288743695636620381867808278031544648048214106114607887269598951056044003098","market":"0xc3bb03827ffd54c915712e01268060664edc4b9a7e10c3687a46414a8fbd61fa","bids":[[0.01,50]],"asks":[[0.99,50],[0.98,25],[0.97,5.51]],"hash":"7332b3e529fece85842281e93cc058fb905fd840"}}
{"timestamp":1768858449505,"type":"book","data":{"type":"book","timestamp":1768858449505,"asset_id":"45580499855571815703798438949570518410899588907349508423148937057071386680821","market":"0xbe7dc7ab76f592bc89d6c6c606e28d119cb90dd503bd543c61d79d8c2cb18d0d","bids":[[0.001,99999],[0.002,55000],[0.008,155],[0.009,56055],[0.01,27050],[0.011,155],[0.02,2100],[0.03,300],[0.05,200],[0.08,255],[0.097,100],[0.098,10600],[0.099,100],[0.1,3650],[0.14,50],[0.15,500],[0.2,50],[0.27,50],[0.34,50],[0.47,100],[0.49,100],[0.497,200],[0.498,1500],[0.499,100],[0.5,400],[0.75,60],[0.767,60],[0.768,917],[0.769,60],[0.77,60],[0.771,47.68],[0.772,5.51],[0.99,2900],[0.991,704.54],[0.992,50.4],[0.993,45.31],[0.994,40.24],[0.995,35.17],[0.996,30.12],[0.997,25.07],[0.998,20.04],[0.999,1155]],"asks":[],"hash":"cf4cf4c3bedb4e4a3c2317e364d5852e9cb96080"}}
{"timestamp":1768858449505,"type":"book","data":{"type":"book","timestamp":1768858449505,"asset_id":"83899814067708389406462136488758126712740448864742246697134907881561006435164","market":"0x1d9921b0a498d2f0f68351a35d4b5e5fd6b34f5800e2b0dc304fe82872fff15b","bids":[[0.01,23715.11],[0.02,2250],[0.03,150],[0.04,150],[0.05,155],[0.06,150],[0.07,2622],[0.08,100],[0.09,100],[0.1,155],[0.15,300],[0.18,55],[0.2,69.51],[0.28,150],[0.29,689],[0.31,60],[0.32,60.29],[0.35,543],[0.36,80],[0.37,6600],[0.38,6647.22],[0.39,67],[0.4,6387],[0.41,3528.11],[0.42,9653.11],[0.43,7025.8],[0.44,7441],[0.45,5499],[0.46,4184.38]],"asks":[[0.99,24086.13],[0.98,2541.09],[0.97,150],[0.96,250],[0.95,155],[0.94,150],[0.93,2645],[0.91,100],[0.9,5],[0.86,50],[0.85,807.22],[0.81,5.01],[0.8,89.41],[0.79,22.4],[0.76,5],[0.75,14],[0.7,51.05],[0.69,645],[0.68,5.07],[0.66,8.06],[0.64,16],[0.63,15.4],[0.62,7],[0.6,6650.4],[0.57,4950],[0.56,107.49],[0.55,1931.55],[0.54,7491.98],[0.53,5385],[0.52,8348],[0.51,11991],[0.5,8996.11],[0.49,8351.22],[0.48,950.91],[0.47,735.11]],"hash":"21432936921d4cde4ec03bda4a26e791b5ab4e10"}}
{"timestamp":1768858449505,"type":"book","data":{"type":"book","timestamp":1768858449505,"asset_id":"98888987637702944200466394029062132161347270306418627034681906287677121368389","market":"0x29067ebc925c8bb2d14f0bb8c7946005e51538109dc2e4d201639a40232bc93c","bids":[[0.01,50]],"asks":[[0.99,50],[0.98,25],[0.97,5.51]],"hash":"8ae62b8e23b8bad245834eae96f061743d3abceb"}}
{"timestamp":1768858449505,"type":"book","data":{"type":"book","timestamp":1768858449505,"asset_id":"41178199935822859951659453545153667608689402220859633728390614617019943875191","market":"0x3530777a6c3e8eb380a4eb72fdaa7c15381797a758a692d6d325bba4db4994d6","bids":[[0.01,50]],"asks":[[0.99,50],[0.98,25],[0.95,5.51],[0.94,5.51]],"hash":"f89a7c07678738fae194bb0bc3ed423d7fea8a32"}}
{"timestamp":1768858449506,"type":"book","data":{"type":"book","timestamp":1768858449506,"asset_id":"99168974266843179978354052234653670711404329776440032034213602407634856160915","market":"0x62f8a610f290315f0054814a9ffda8d29b311c03bf2812775383a909dc369957","bids":[[0.01,50],[0.02,25],[0.03,5.51]],"asks":[[0.99,50]],"hash":"3332d85dffb65f27d8eecca3f451e07c0ebe887d"}}
{"timestamp":1768858449506,"type":"book","data":{"type":"book","timestamp":1768858449506,"asset_id":"55922024386758674305891505992525691291603317003989164672671598251586350466120","market":"0x1a77154d564015025f6711d1d26945c1df621f15affb41f0e919f455e417c63b","bids":[[0.01,725],[0.02,900],[0.03,500],[0.06,700],[0.08,200],[0.09,100],[0.11,200],[0.13,500],[0.14,1829],[0.15,1333],[0.19,50],[0.46,1500]],"asks":[[0.99,725],[0.98,1650],[0.95,300],[0.91,300],[0.9,1779],[0.88,250],[0.87,50],[0.84,200],[0.83,200],[0.82,1111],[0.69,1500]],"hash":"56ddd521f203c749f773a95b8ee8d263d287a272"}}
{"timestamp":1768858449506,"type":"book","data":{"type":"book","timestamp":1768858449506,"asset_id":"34130029555333481410138913504371238679856860292518927586466769475661539617443","market":"0xe0c45c38597364a10040b4cd5b6b68e099fa0f67a7cf906b7fda8acbc981b382","bids":[[0.01,50],[0.02,25],[0.03,5.51]],"asks":[[0.99,50]],"hash":"3e77acd33908a2bd7e2d3ad25a66d60dc845eb40"}}
{"timestamp":1768858449506,"type":"book","data":{"type":"book","timestamp":1768858449506,"asset_id":"24085294160146023460801270886062008540816580162480837570482544017068711307043","market":"0xe32de27f7e7e4bb886b7063180e29f7acc6d9cc8d09e8bffbffad7b835628aeb","bids":[[0.01,50],[0.02,25],[0.03,5.51],[0.04,5.51]],"asks":[[0.99,50]],"hash":"7719ad3c11cd363e3333dfb077ec7e0b1e6d3717"}}
{"timestamp":1768858449506,"type":"book","data":{"type":"book","timestamp":1768858449506,"asset_id":"113025031494916309150086220666714068684066916056870600664866463237320949012683","market":"0x19d9dc9b734a8270440da3511c0127c64e18e7c034656dba600c67e1f671eec8","bids":[[0.01,76.03],[0.02,13.02],[0.03,5.51],[0.06,3363.51],[0.07,9.7],[0.32,27.86],[0.33,37.5],[0.34,25]],"asks":[],"hash":"2707e36c848854f1a301cc4c0d469594db194e09"}}
{"timestamp":1768858449506,"type":"book","data":{"type":"book","timestamp":1768858449506,"asset_id":"58170043872476553471723118954807775331301830716581845479265936031297794924283","market":"0xc6dd49ce5ac996f24caedb7cf1a5325f10e2013df38d06118da35a7835f90d79","bids":[[0.01,11589.72],[0.02,2450],[0.03,300],[0.06,500],[0.08,100],[0.09,100],[0.1,5],[0.14,100],[0.15,200],[0.21,50],[0.27,50],[0.28,1779],[0.34,50],[0.35,140],[0.36,555],[0.37,399.64],[0.7,100],[0.71,151],[0.72,684],[0.73,447.04],[0.74,115],[0.75,30]],"asks":[[0.99,398.04],[0.98,500],[0.95,100],[0.94,165],[0.9,5]],"hash":"ca4cc3cd5789760f8d8b8e822a51bfe4e99855ad"}}
{"timestamp":1768858449506,"type":"book","data":{"type":"book","timestamp":1768858449506,"asset_id":"7360690154955731738072833984462694862220283551111167441524929099080928304759","market":"0x55bc05d0172e01f468ee39bf260c7fd132b4453c71a37d1834c5c7cce3db5a2e","bids":[[0.01,50],[0.02,25],[0.03,5.51]],"asks":[[0.99,50]],"hash":"4bb86b0b1f03865dedd5116e7031572c4a87817c"}}
{"timestamp":1768858449506,"type":"book","data":{"type":"book","timestamp":1768858449506,"asset_id":"68660619242068838780359514667334675625428574513507330730861992120392412078977","market":"0xe32de27f7e7e4bb886b7063180e29f7acc6d9cc8d09e8bffbffad7b835628aeb","bids":[[0.01,50]],"asks":[[0.99,50],[0.98,25],[0.97,5.51],[0.96,5.51]],"hash":"3816cfa86bbabf5b9efb6d632534ac0b2182cdee"}}
{"timestamp":1768858449506,"type":"book","data":{"type":"book","timestamp":1768858449506,"asset_id":"19801304860676403582225493665227711141504600330771746658898325407677304852268","market":"0x1a77154d564015025f6711d1d26945c1df621f15affb41f0e919f455e417c63b","bids":[[0.01,725],[0.02,1650],[0.05,300],[0.09,300],[0.1,1779],[0.12,250],[0.13,50],[0.16,200],[0.17,200],[0.18,1111],[0.31,1500]],"asks":[[0.99,725],[0.98,900],[0.97,500],[0.94,700],[0.92,200],[0.91,100],[0.89,200],[0.87,500],[0.86,1829],[0.85,1333],[0.81,50],[0.54,1500]],"hash":"2a1472aa6e580b986b6313afddeb714a174d958c"}}
{"timestamp":1768858449506,"type":"book","data":{"type":"book","timestamp":1768858449506,"asset_id":"51640950844529073540440468921446646609840378218681177771835773486695222195363","market":"0xbe7dc7ab76f592bc89d6c6c606e28d119cb90dd503bd543c61d79d8c2cb18d0d","bids":[],"asks":[[0.999,99999],[0.998,55000],[0.992,155],[0.991,56055],[0.99,27050],[0.989,155],[0.98,2100],[0.97,300],[0.95,200],[0.92,255],[0.903,100],[0.902,10600],[0.901,100],[0.9,3650],[0.86,50],[0.85,500],[0.8,50],[0.73,50],[0.66,50],[0.53,100],[0.51,100],[0.503,200],[0.502,1500],[0.501,100],[0.5,400],[0.25,60],[0.233,60],[0.232,917],[0.231,60],[0.23,60],[0.229,47.68],[0.228,5.51],[0.01,2900],[0.009,704.54],[0.008,50.4],[0.007,45.31],[0.006,40.24],[0.005,35.17],[0.004,30.12],[0.003,25.07],[0.002,20.04],[0.001,1155]],"hash":"f550349519564ca99d181579556748cbd865a63b"}}
{"timestamp":1768858449506,"type":"book","data":{"type":"book","timestamp":1768858449506,"asset_id":"83762004711915891788797964319803421904923212191800334283779459846638388049876","market":"0xa8e21d98ce3635fdafa916aa404f8dfd4eb941ec5a36e54b07f9fef1dcfa9051","bids":[[0.01,50]],"asks":[[0.99,50],[0.98,25],[0.97,5.51]],"hash":"832ac367cc40119d0c617b3c392d04e9e7feeb6f"}}
{"timestamp":1768858449506,"type":"book","data":{"type":"book","timestamp":1768858449506,"asset_id":"2281309566574130642807730816726303714419168586997236681707499099398936474185","market":"0x6dfb3d43cd0029526113cdd085d4ebab3fc9274d3095295d69ac24e27ab1dd98","bids":[[0.01,80.5],[0.02,10000],[0.25,46]],"asks":[[0.99,80.5],[0.96,5000],[0.95,1779],[0.36,39]],"hash":"bced1a551d405464e0ea5f9aeeb17752f7e10684"}}
{"timestamp":1768858449506,"type":"book","data":{"type":"book","timestamp":1768858449506,"asset_id":"48880380018017890900431761786115484907392010962335433452913978045838402624310","market":"0x9f5498adae626b37f869b924cc5a599eda5a11da525059b1404f89f8713c51c6","bids":[[0.01,80.5],[0.02,10000],[0.03,5]],"asks":[[0.99,80.5],[0.93,1779],[0.23,46]],"hash":"7426b160482be278958714f60a09f4c6ee8b0280"}}
{"timestamp":1768858449506,"type":"book","data":{"type":"book","timestamp":1768858449506,"asset_id":"79867546103527251186695916366803943551882905728089795572856469653182146573182","market":"0x3530777a6c3e8eb380a4eb72fdaa7c15381797a758a692d6d325bba4db4994d6","bids":[[0.01,50],[0.02,25],[0.05,5.51],[0.06,5.51]],"asks":[[0.99,50]],"hash":"70f6632b61beb3cbc79450c96c1f2871b81cd770"}}
{"timestamp":1768858449506,"type":"book","data":{"type":"book","timestamp":1768858449506,"asset_id":"52706147105070524363009267529922604376781175933531786990678540409860700140950","market":"0x1371096e2c0565a907fc829678011b2f494ba2bcc4d2fa7e34463ce2b507f203","bids":[[0.01,50]],"asks":[[0.99,65],[0.98,25],[0.97,5.51]],"hash":"8ade1024ab4146ef00627b81c5c9e0bfc20fa596"}}
{"timestamp":1768858449506,"type":"book","data":{"type":"book","timestamp":1768858449506,"asset_id":"51859461336493165622472425900220749386708018986520817300834494664041845827840","market":"0xab8df169971e779e7a5c7867fafa15340113bcebc1c2b6f4714c17f20b4c7868","bids":[[0.01,50],[0.02,25],[0.04,5.51],[0.05,11]],"asks":[[0.99,50],[0.98,25]],"hash":"42ef8665f0500f566105f49c69e9261c87a26dba"}}
{"timestamp":1768858449506,"type":"book","data":{"type":"book","timestamp":1768858449506,"asset_id":"85356151034142958812118326873548413742312509549787317293018964257573037506843","market":"0x2bf2d7f54a03b4b01cff5a9e010a7fa7c0532f40f111cc19050c4b7499794f87","bids":[[0.01,100],[0.04,62],[0.05,55],[0.06,5.51]],"asks":[[0.99,100],[0.98,125],[0.97,49]],"hash":"e488fe286443746cf617afcec2b83e6b367ce787"}}
{"timestamp":1768858449506,"type":"book","data":{"type":"book","timestamp":1768858449506,"asset_id":"38249703376174183440478117641561819852912686676086886922395617711410224047669","market":"0x366ea8dd3a7f8672384fcd74ddbb3001a7798ce9d32fb08e6bf8c538c7e6798f","bids":[[0.01,50],[0.02,25],[0.03,5.51]],"asks":[[0.99,50]],"hash":"2078263158a927cbcd0b118a9ea39a1a20c55ab8"}}
{"timestamp":1768858449506,"type":"book","data":{"type":"book","timestamp":1768858449506,"asset_id":"73222854146421675752746898713600437350256675719760876211589957230651142068940","market":"0x1d9921b0a498d2f0f68351a35d4b5e5fd6b34f5800e2b0dc304fe82872fff15b","bids":[[0.01,24086.13],[0.02,2541.09],[0.03,150],[0.04,250],[0.05,155],[0.06,150],[0.07,2645],[0.09,100],[0.1,5],[0.14,50],[0.15,807.22],[0.19,5.01],[0.2,89.41],[0.21,22.4],[0.24,5],[0.25,14],[0.3,51.05],[0.31,645],[0.32,5.07],[0.34,8.06],[0.36,16],[0.37,15.4],[0.38,7],[0.4,6650.4],[0.43,4950],[0.44,107.49],[0.45,1931.55],[0.46,7491.98],[0.47,5385],[0.48,8348],[0.49,11991],[0.5,8996.11],[0.51,8351.22],[0.52,950.91],[0.53,735.11]],"asks":[[0.99,23715.11],[0.98,2250],[0.97,150],[0.96,150],[0.95,155],[0.94,150],[0.93,2622],[0.92,100],[0.91,100],[0.9,155],[0.85,300],[0.82,55],[0.8,69.51],[0.72,150],[0.71,689],[0.69,60],[0.68,60.29],[0.65,543],[0.64,80],[0.63,6600],[0.62,6647.22],[0.61,67],[0.6,6387],[0.59,3528.11],[0.58,9653.11],[0.57,7025.8],[0.56,7441],[0.55,5499],[0.54,4184.38]],"hash":"8a8a6bddf62d6f766590ed5faf02954ab0aef2a5"}}
{"timestamp":1768858449506,"type":"book","data":{"type":"book","timestamp":1768858449506,"asset_id":"49335016365941641409952976129113215306810130872796911770220968674695550227620","market":"0xa8e21d98ce3635fdafa916aa404f8dfd4eb941ec5a36e54b07f9fef1dcfa9051","bids":[[0.01,50],[0.02,25],[0.03,5.51]],"asks":[[0.99,50]],"hash":"0a8eea288777022064839003d565ee9ba730eddd"}}
{"timestamp":1768858449506,"type":"book","data":{"type":"book","timestamp":1768858449506,"asset_id":"15633387036100115266322094291506265989553265793281973176905404845199622381518","market":"0x5b588025b5d3cf45804912af31eb2a07577931c00213aba7c23c6e3ad3931672","bids":[[0.01,50]],"asks":[[0.99,70.51],[0.97,25],[0.96,30.51]],"hash":"f8681e777640ce6b9a7ebda4bc251dc165d5ed7c"}}
{"timestamp":1768858449506,"type":"book","data":{"type":"book","timestamp":1768858449506,"asset_id":"2667309821146099214315983821785431182474285484243878097986007057468677343348","market":"0xed49b308e6f28a527f10ce2c9d849a45f515935c1adc95a111893399c1709299","bids":[[0.01,50]],"asks":[[0.99,50],[0.98,25],[0.97,5.51]],"hash":"251cf835ae133d4cbbe06d5e0d896182c21d1eed"}}
{"timestamp":1768858449506,"type":"book","data":{"type":"book","timestamp":1768858449506,"asset_id":"105946555319717952586004333254949548955829524636247831439729957976174835757796","market":"0x29067ebc925c8bb2d14f0bb8c7946005e51538109dc2e4d201639a40232bc93c","bids":[[0.01,50],[0.02,25],[0.03,5.51]],"asks":[[0.99,50]],"hash":"f4849cbc59457061e7a0da97cabfd196c8d04259"}}
{"timestamp":1768858449506,"type":"book","data":{"type":"book","timestamp":1768858449506,"asset_id":"84384442381949376194512910399545184963727099278155579224374632446057025235247","market":"0xa080927f19a54d86c89bd3555541b3abfbf53e98cf0e5f964e1729528e7df2d6","bids":[[0.01,150]],"asks":[[0.99,50],[0.97,33],[0.96,25],[0.95,5.51]],"hash":"2bb05a9ca76c7035c67272540d3cc6b7e5ad4ccc"}}
{"timestamp":1768858449506,"type":"book","data":{"type":"book","timestamp":1768858449506,"asset_id":"34367065238487927523900111259648857646009474251375713435120986499501795995070","market":"0x4fb109511c3ba4c5bda3fe81940240b56523fbdfedd5d4f0b024af169b8ea047","bids":[[0.01,50]],"asks":[[0.99,50],[0.98,25],[0.96,5.51],[0.95,5.51]],"hash":"a6ae2bf1c7db573ae879db6aa7940971360abf1f"}}
{"timestamp":1768858449506,"type":"book","data":{"type":"book","timestamp":1768858449506,"asset_id":"109145261608975416082872682697463576130121579731407045593475179295471451760316","market":"0x9f5498adae626b37f869b924cc5a599eda5a11da525059b1404f89f8713c51c6","bids":[[0.01,80.5],[0.07,1779],[0.77,46]],"asks":[[0.99,80.5],[0.98,10000],[0.97,5]],"hash":"06758dd9902a9b9489b27f4ef33fbda39d0f29f3"}}
{"timestamp":1768858449506,"type":"book","data":{"type":"book","timestamp":1768858449506,"asset_id":"113421581696345614187888921984273009220039924345606711784540408098901651166996","market":"0x8884313775cb4f37d3de3fa1e9afc797d9d0fb72cae523fbfa7853fab179d500","bids":[],"asks":[[0.999,100009.13],[0.998,55000],[0.997,11.56],[0.992,155],[0.991,56055],[0.99,27005.21],[0.989,155],[0.98,1400],[0.979,14.47],[0.95,1300],[0.94,5.51],[0.92,155],[0.903,100],[0.902,10600],[0.901,100],[0.9,3650],[0.899,5.93],[0.86,50],[0.85,500],[0.8,50],[0.73,50],[0.66,50],[0.53,100],[0.51,100],[0.503,200],[0.502,1500],[0.501,100],[0.5,400],[0.25,60],[0.233,60],[0.232,572],[0.231,60],[0.23,60],[0.228,41.57],[0.227,25],[0.01,12748.49],[0.009,704.54],[0.008,50.4],[0.007,45.31],[0.006,40.24],[0.005,35.17],[0.004,30.12],[0.003,25.07],[0.002,20.04],[0.001,2098.48]],"hash":"195b44ba358731a66c14061969072c9a55aa632a"}}
{"timestamp":1768858449507,"type":"book","data":{"type":"book","timestamp":1768858449507,"asset_id":"52913956114341607252810840829851586741596208092031960365951091843918311115712","market":"0xd86b1c9ac7abe2f2260bccff1c73b2b5aaa8bd72c764d232f9b8a5cbf632e04f","bids":[[0.01,725],[0.02,800],[0.03,600],[0.05,200],[0.08,100],[0.09,600],[0.1,5],[0.11,2418],[0.13,100],[0.14,1829],[0.17,200],[0.18,75],[0.44,6],[0.45,229],[0.46,1930],[0.47,1936.17],[0.48,2316.44],[0.49,2316.78]],"asks":[[0.99,725],[0.98,1850],[0.97,600],[0.94,300],[0.91,600],[0.9,5],[0.89,1979],[0.88,300],[0.82,200],[0.81,1102],[0.77,25],[0.62,25],[0.6,63],[0.59,1500],[0.58,254],[0.55,1880.88],[0.54,2456.37]],"hash":"ddeec012b20a63d0f865cce2b4384313c4bdec95"}}
{"timestamp":1768858449507,"type":"book","data":{"type":"book","timestamp":1768858449507,"asset_id":"80955465573788561519287799238070819726068512211014816914447962346674298193040","market":"0x8884313775cb4f37d3de3fa1e9afc797d9d0fb72cae523fbfa7853fab179d500","bids":[[0.001,100009.13],[0.002,55000],[0.003,11.56],[0.008,155],[0.009,56055],[0.01,27005.21],[0.011,155],[0.02,1400],[0.021,14.47],[0.05,1300],[0.06,5.51],[0.08,155],[0.097,100],[0.098,10600],[0.099,100],[0.1,3650],[0.101,5.93],[0.14,50],[0.15,500],[0.2,50],[0.27,50],[0.34,50],[0.47,100],[0.49,100],[0.497,200],[0.498,1500],[0.499,100],[0.5,400],[0.75,60],[0.767,60],[0.768,572],[0.769,60],[0.77,60],[0.772,41.57],[0.773,25],[0.99,12748.49],[0.991,704.54],[0.992,50.4],[0.993,45.31],[0.994,40.24],[0.995,35.17],[0.996,30.12],[0.997,25.07],[0.998,20.04],[0.999,2098.48]],"asks":[],"hash":"870e43dea8fc30f8ba7e4ac7d04ef51aeab5791c"}}
{"timestamp":1768858449507,"type":"book","data":{"type":"book","timestamp":1768858449507,"asset_id":"15990901704723151577745665847245503498242174471602590883916296397653362695840","market":"0x62f8a610f290315f0054814a9ffda8d29b311c03bf2812775383a909dc369957","bids":[[0.01,50]],"asks":[[0.99,50],[0.98,25],[0.97,5.51]],"hash":"905a0e201dc4eb09ef2ce430674d854b6e5163f2"}}
{"timestamp":1768858449507,"type":"book","data":{"type":"book","timestamp":1768858449507,"asset_id":"114994275701207785626035089867908246328524209019060771004039661773577596682660","market":"0xc7def456adf8952db9672f973dcf89ca06106ec530bb462efb9b7c2fbb84ddbd","bids":[[0.01,90],[0.02,500],[0.06,200],[0.09,2322],[0.1,1794],[0.31,20],[0.49,5],[0.74,46],[0.75,5]],"asks":[[0.99,105],[0.85,43]],"hash":"1e447b45105d7f4d31652937104ee4c2892c88ea"}}
{"timestamp":1768858449507,"type":"book","data":{"type":"book","timestamp":1768858449507,"asset_id":"107120935694512385169050114827872789982020807731131881827825052191609346273122","market":"0x55bc05d0172e01f468ee39bf260c7fd132b4453c71a37d1834c5c7cce3db5a2e","bids":[[0.01,50]],"asks":[[0.99,50],[0.98,25],[0.97,5.51]],"hash":"1cd5719160380526ad0e7134a9c7ee462b4e7863"}}
{"timestamp":1768858449507,"type":"book","data":{"type":"book","timestamp":1768858449507,"asset_id":"31605486503245302892484918796618037462252526786950870814089276799563620498223","market":"0x6092c3e3f04adbe787e53a3d6d9356ce6dba625ac96d017b396a574b34d7a8a4","bids":[[0.01,742.54],[0.02,2100],[0.06,205.4],[0.08,105.4],[0.09,1779],[0.1,100],[0.11,50],[0.17,200],[0.2,200],[0.21,952],[0.33,1617.04]],"asks":[[0.99,768.63],[0.98,1850],[0.97,610.63],[0.95,200],[0.92,400],[0.89,50],[0.87,450],[0.86,1478],[0.85,1779],[0.78,200],[0.77,50],[0.51,1515],[0.45,7.57]],"hash":"19c82dafff9ec01ceb6f3d120ad6e68befcc0bff"}}
{"timestamp":1768858449507,"type":"book","data":{"type":"book","timestamp":1768858449507,"asset_id":"102470506234631856714287226623345182033813197411154001523556742367360332249186","market":"0xd95cae1f78c63f65c14098d643ada7421731ec63e24fcb99628d9e5362e7ac61","bids":[[0.001,49.68],[0.002,7.49],[0.01,50],[0.011,11.29],[0.03,5.51],[0.031,5.33],[0.04,25],[0.06,5.51],[0.082,28.05],[0.083,25],[0.99,25.51]],"asks":[],"hash":"c2a8b62ecfab929f5d6b7b882e5aeecb1518d114"}}
{"timestamp":1768858449507,"type":"book","data":{"type":"book","timestamp":1768858449507,"asset_id":"74774623971709706821569763625609154232615320360891965400140251966412790258500","market":"0x994852b813326db703afc598ac97f4baec56a0e9da0e586d9a0154f8b146df28","bids":[[0.01,50]],"asks":[[0.99,50],[0.98,25],[0.97,5.51]],"hash":"ff6c3437d88d7307f0ff12f28bdfb67ac64b4371"}}
{"timestamp":1768858449507,"type":"book","data":{"type":"book","timestamp":1768858449507,"asset_id":"84120862040579504625504822431671033934475567864159620983990020071323062262114","market":"0x6092c3e3f04adbe787e53a3d6d9356ce6dba625ac96d017b396a574b34d7a8a4","bids":[[0.01,768.63],[0.02,1850],[0.03,610.63],[0.05,200],[0.08,400],[0.11,50],[0.13,450],[0.14,1478],[0.15,1779],[0.22,200],[0.23,50],[0.49,1515],[0.55,7.57]],"asks":[[0.99,742.54],[0.98,2100],[0.94,205.4],[0.92,105.4],[0.91,1779],[0.9,100],[0.89,50],[0.83,200],[0.8,200],[0.79,952],[0.67,1617.04]],"hash":"b33933757a5cfa8a8fa643d365b58387fa2c4a6d"}}
{"timestamp":1768858449507,"type":"book","data":{"type":"book","timestamp":1768858449507,"asset_id":"49637045107561300232921209964038170407460446885617809869047360275570604727981","market":"0x366ea8dd3a7f8672384fcd74ddbb3001a7798ce9d32fb08e6bf8c538c7e6798f","bids":[[0.01,50]],"asks":[[0.99,50],[0.98,25],[0.97,5.51]],"hash":"2719b403ee3212d2c8e19a6a2955e6f18bd4f5b2"}}
{"timestamp":1768858449507,"type":"book","data":{"type":"book","timestamp":1768858449507,"asset_id":"25956482380991640813348808462637848560995942866526952689992175052729937091125","market":"0x2397d58005858b5b7271c776adac1b4fa32491286339f3dc3139df9dece7d6c3","bids":[[0.01,80.5],[0.04,5000],[0.05,1779],[0.55,46]],"asks":[[0.99,80.5],[0.92,300],[0.91,2222],[0.66,46]],"hash":"32b76c23f6033c03463227de0b60745fc6a7a097"}}
{"timestamp":1768858449507,"type":"book","data":{"type":"book","timestamp":1768858449507,"asset_id":"43577718766112357875300730326646730119346466279136183595509365799679832624641","market":"0x676d078b81497e987ad19344ca4e3569f89b4e659f91a545f8e9690d6dfa4b39","bids":[],"asks":[[0.99,56.37],[0.98,11.26],[0.94,3375.36],[0.73,37.5],[0.72,37.5],[0.71,25]],"hash":"ccb417f002c0b5eb793f2051ac9296838279189f"}}
{"timestamp":1768858449507,"type":"book","data":{"type":"book","timestamp":1768858449507,"asset_id":"90508786464936430054960174057014699141737305916344517232838682389750156463791","market":"0x74359b1889c9b4f5a84c1cac8cfd2dd6f48731fedb44f7a7e803b9c8cd6de6d8","bids":[[0.001,100009.13],[0.002,55000],[0.003,14.79],[0.008,155],[0.009,56055],[0.01,27000],[0.011,155],[0.012,7.28],[0.02,2100],[0.03,300],[0.031,8.35],[0.05,200],[0.08,255],[0.097,100],[0.098,10600],[0.099,100],[0.1,3650],[0.101,5.93],[0.14,50],[0.15,500],[0.2,50],[0.27,50],[0.34,50],[0.47,100],[0.49,100],[0.497,200],[0.498,1500],[0.499,100],[0.5,400],[0.75,60],[0.767,60],[0.768,570],[0.769,60],[0.77,60],[0.787,26.33],[0.788,16.53],[0.789,25],[0.79,11.02],[0.99,2840],[0.991,644],[0.999,5]],"asks":[],"hash":"8335a46767948468a6faec4990d2fe55451539d8"}}
{"timestamp":1768858449507,"type":"book","data":{"type":"book","timestamp":1768858449507,"asset_id":"32000187069377430896265944353073875929784130362721284251736314375740995009132","market":"0xa011589aac6ecc279df805b5b5af8f624f16044eca2fdc89f4f554df3ea82fe5","bids":[[0.01,50],[0.02,30.51],[0.03,5.51]],"asks":[],"hash":"cfd7cb185d82c51142245713eac53133ab66667f"}}
{"timestamp":1768858449507,"type":"book","data":{"type":"book","timestamp":1768858449507,"asset_id":"71775041801808637972785922632852978725572532275252146056957073487383515608173","market":"0x2723a2fc360d2c29d15b6ee7904688deead72c9970cbee5112880d532b73574d","bids":[[0.01,50],[0.02,25],[0.03,5.51]],"asks":[[0.99,50]],"hash":"cb0ff188898b9717a32e3570933d6b2c0f4b565a"}}
{"timestamp":1768858449507,"type":"book","data":{"type":"book","timestamp":1768858449507,"asset_id":"7142164331099478017237422095163785740435582452939850303622895577942265627947","market":"0xb4cc3add2f2934d7ed77672faa5f0607f52b6e01921e6c5698142d5f21eb219b","bids":[[0.01,50]],"asks":[[0.99,50],[0.98,25],[0.95,5.51],[0.94,5.51]],"hash":"2d794cd8a226a507e21b18963b312319eb03b72d"}}
{"timestamp":1768858449507,"type":"book","data":{"type":"book","timestamp":1768858449507,"asset_id":"9031636498902109489531840330955202379047865759768140186724288939684833165378","market":"0x676d078b81497e987ad19344ca4e3569f89b4e659f91a545f8e9690d6dfa4b39","bids":[[0.01,56.37],[0.02,11.26],[0.06,3375.36],[0.27,37.5],[0.28,37.5],[0.29,25]],"asks":[],"hash":"0a192a8e43180e6dd628d60135d904d949c2266b"}}
{"timestamp":1768858449507,"type":"book","data":{"type":"book","timestamp":1768858449507,"asset_id":"31795349211219422607185815612973220690717749068121740516256733008230250593184","market":"0xd95cae1f78c63f65c14098d643ada7421731ec63e24fcb99628d9e5362e7ac61","bids":[],"asks":[[0.999,49.68],[0.998,7.49],[0.99,50],[0.989,11.29],[0.97,5.51],[0.969,5.33],[0.96,25],[0.94,5.51],[0.918,28.05],[0.917,25],[0.01,25.51]],"hash":"19dd8f089259402cee11b10befcd8040bdd059c1"}}
{"timestamp":1768858449507,"type":"book","data":{"type":"book","timestamp":1768858449507,"asset_id":"94160515795879566153002944972741512251146074743459279119403075652615644127934","market":"0x07d3174d7e1b4b22ad3109744e9768dc255e2fe8749cc25cfc8cc900b1d3c62e","bids":[[0.01,115.5],[0.03,300],[0.04,5.51],[0.09,1779],[0.16,200]],"asks":[[0.99,615.5],[0.96,1100],[0.94,800],[0.89,550],[0.84,200],[0.83,1979],[0.5,200]],"hash":"0852f800d192234184e7109175d941ef6303cc90"}}
{"timestamp":1768858449507,"type":"book","data":{"type":"book","timestamp":1768858449507,"asset_id":"60854482386705306074271452945147814262686505626338572994501795906620218532455","market":"0xd832ad310ac0e7586c26de1784c8acb2d9e050ad9a264e2bea6db9c0dc0832ed","bids":[],"asks":[[0.999,100009.13],[0.998,55000],[0.997,11.56],[0.992,155],[0.991,56055],[0.99,27055.21],[0.989,155],[0.98,1400],[0.979,14.47],[0.95,1300],[0.92,155],[0.903,100],[0.902,10600],[0.901,100],[0.9,3550],[0.899,5.93],[0.859,600],[0.8,50],[0.73,50],[0.66,50],[0.53,100],[0.51,100],[0.503,200],[0.502,1500],[0.501,100],[0.5,400],[0.25,60],[0.233,60],[0.232,571],[0.231,60],[0.23,60],[0.217,18.66],[0.216,33.26],[0.215,5.51],[0.01,900],[0.009,757.54],[0.008,50.4],[0.007,45.31],[0.006,40.24],[0.005,35.17],[0.004,30.12],[0.003,25.07],[0.002,20.04],[0.001,1155]],"hash":"8634887878d52237a774e7a19d4b7d361c8876d6"}}
{"timestamp":1768858449507,"type":"book","data":{"type":"book","timestamp":1768858449507,"asset_id":"49404837919351069799222213313406510058029700415636380320303383151853211606461","market":"0x649872b98f3cd5c94d604030777b871d0ef6256d6c9485eef4dfd32c8e550870","bids":[[0.01,55.51],[0.02,5.51],[0.03,16],[0.04,25],[0.05,55],[0.06,5.51]],"asks":[[0.99,50],[0.95,60],[0.94,30.51]],"hash":"3f3e45d2f07da146d8cbf4036c6c337dd6b9dd36"}}
{"timestamp":1768858449507,"type":"book","data":{"type":"book","timestamp":1768858449507,"asset_id":"66861719874868483654276583920179307623815372003867226773517436334945195054581","market":"0x4288c9795de3151e756e44062d7772b2767e5a6d213dea0a116d1317729a5e1a","bids":[[0.01,615.5],[0.02,1100],[0.03,300],[0.06,300],[0.09,700],[0.1,100],[0.11,200],[0.12,1779],[0.14,50],[0.16,200],[0.17,1911],[0.42,76],[0.45,79]],"asks":[[0.99,1015.5],[0.96,500],[0.94,400],[0.93,300],[0.92,200],[0.91,1779],[0.89,200],[0.84,200],[0.8,805],[0.79,952],[0.76,954],[0.75,613]],"hash":"06b5db7a1d6672698609cda2b6fe2cefa777db6d"}}
{"timestamp":1768858449507,"type":"book","data":{"type":"book","timestamp":1768858449507,"asset_id":"93658466248405584999260870388818827582402881579193486826612628010719686456341","market":"0x0afef6598f68b1b2d47bca956116bbaa7d11f39d665f883aae5cc126c8e991c9","bids":[],"asks":[[0.999,49.68],[0.998,7.49],[0.99,50],[0.989,7.58],[0.98,25],[0.971,20.39],[0.968,6250],[0.95,5.51],[0.949,5.4],[0.939,13.12],[0.01,82.39]],"hash":"fe7ecbf18af0945b4fa41dd0cf505da8b4d6550c"}}
{"timestamp":1768858449507,"type":"book","data":{"type":"book","timestamp":1768858449507,"asset_id":"9120915729602249445620577692804945151875704171399581054915760950889830582597","market":"0x0a60f9a74cecb46233fd113a9b77d3aeeacbb57a7d44d78423225ef7e2e81a71","bids":[[0.01,50],[0.03,33],[0.04,25],[0.05,5.51]],"asks":[[0.99,150]],"hash":"b58c3c3c60e80937b7801fb85bb01a94aad3c98c"}}
{"timestamp":1768861058784,"type":"book","data":{"type":"book","timestamp":1768861058784,"asset_id":"7142164331099478017237422095163785740435582452939850303622895577942265627947","market":"0xb4cc3add2f2934d7ed77672faa5f0607f52b6e01921e6c5698142d5f21eb219b","bids":[[0.01,50]],"asks":[[0.99,50],[0.98,25],[0.95,5.51],[0.94,5.51]],"hash":"6b230fc1395bc4aa0e256be0dc3e4a79646be280"}}
{"timestamp":1768861060983,"type":"book","data":{"type":"book","timestamp":1768861060983,"asset_id":"52913956114341607252810840829851586741596208092031960365951091843918311115712","market":"0xd86b1c9ac7abe2f2260bccff1c73b2b5aaa8bd72c764d232f9b8a5cbf632e04f","bids":[[0.01,225],[0.02,5.51],[0.03,5],[0.06,5.51]],"asks":[[0.99,625],[0.98,500],[0.94,500],[0.9,5],[0.88,200],[0.87,869],[0.82,200],[0.77,869],[0.76,25],[0.5,500],[0.49,25]],"hash":"cd314aa2a3b9d55880f72a5561d899145133b89d"}}
{"timestamp":1768861060985,"type":"book","data":{"type":"book","timestamp":1768861060985,"asset_id":"9031636498902109489531840330955202379047865759768140186724288939684833165378","market":"0x676d078b81497e987ad19344ca4e3569f89b4e659f91a545f8e9690d6dfa4b39","bids":[[0.01,50],[0.02,700],[0.06,1696.51],[0.17,1176],[0.6,13.19],[0.62,51.46],[0.63,35.34],[0.64,5.51]],"asks":[],"hash":"7b120876165bac8ba534b734fffbe1a04e2b24f4"}}
{"timestamp":1768861060987,"type":"book","data":{"type":"book","timestamp":1768861060987,"asset_id":"83762004711915891788797964319803421904923212191800334283779459846638388049876","market":"0xa8e21d98ce3635fdafa916aa404f8dfd4eb941ec5a36e54b07f9fef1dcfa9051","bids":[],"asks":[[0.999,14.99],[0.99,50],[0.989,9090],[0.988,16666],[0.948,25],[0.947,5.51],[0.892,24.37],[0.891,25],[0.89,5.51]],"hash":"b51969e355af786d64a8f6e07c2608a5e80bebac"}}
{"timestamp":1768861060987,"type":"book","data":{"type":"book","timestamp":1768861060987,"asset_id":"23117719725712472213764522342988165288233183423538400617261626518241093294703","market":"0x6964f9a8a358b91d5a0a13458445986bc803779225de647a0b9f0caff8f8aa04","bids":[[0.01,50],[0.02,25],[0.03,5.51]],"asks":[[0.99,50]],"hash":"786bad35ad12e417df91f90969762603ecf666a4"}}
{"timestamp":1768861060988,"type":"book","data":{"type":"book","timestamp":1768861060988,"asset_id":"23288743695636620381867808278031544648048214106114607887269598951056044003098","market":"0xc3bb03827ffd54c915712e01268060664edc4b9a7e10c3687a46414a8fbd61fa","bids":[[0.001,10]],"asks":[[0.999,14.99],[0.99,550],[0.98,1100],[0.96,25],[0.94,811.02],[0.89,1450],[0.77,940.62],[0.769,25],[0.01,100.51]],"hash":"c275c86a4e6ef8fdb9d23c14f3342b1309684429"}}
{"timestamp":1768861060988,"type":"book","data":{"type":"book","timestamp":1768861060988,"asset_id":"58170043872476553471723118954807775331301830716581845479265936031297794924283","market":"0xc6dd49ce5ac996f24caedb7cf1a5325f10e2013df38d06118da35a7835f90d79","bids":[[0.01,590],[0.02,2150],[0.03,300],[0.06,300],[0.09,700],[0.1,5],[0.14,50],[0.15,1116],[0.22,15],[0.26,769],[0.27,1779],[0.44,30],[0.67,25],[0.69,100],[0.7,10]],"asks":[[0.99,1780.61],[0.98,1000],[0.97,3333],[0.96,3333.53],[0.95,268.69],[0.94,3633],[0.91,100],[0.9,5],[0.82,33]],"hash":"0cd270720314662f17cbc613ad7fd1a3ea0e68fb"}}
{"timestamp":1768861060988,"type":"book","data":{"type":"book","timestamp":1768861060988,"asset_id":"105946555319717952586004333254949548955829524636247831439729957976174835757796","market":"0x29067ebc925c8bb2d14f0bb8c7946005e51538109dc2e4d201639a40232bc93c","bids":[[0.01,50],[0.02,25],[0.03,5.51]],"asks":[],"hash":"0de2ce2270694551c2f65ae5bba2a407ac1e48eb"}}
{"timestamp":1768861060989,"type":"book","data":{"type":"book","timestamp":1768861060989,"asset_id":"113421581696345614187888921984273009220039924345606711784540408098901651166996","market":"0x8884313775cb4f37d3de3fa1e9afc797d9d0fb72cae523fbfa7853fab179d500","bids":[],"asks":[[0.999,99999],[0.998,55000],[0.992,155],[0.991,56055],[0.99,27000],[0.989,155],[0.98,1400],[0.95,1300],[0.94,5.51],[0.92,155],[0.903,100],[0.902,10600],[0.901,100],[0.9,3650],[0.86,50],[0.85,450],[0.849,200],[0.848,657],[0.8,50],[0.73,50],[0.66,50],[0.53,100],[0.51,100],[0.503,200],[0.502,1500],[0.501,100],[0.498,398],[0.25,60],[0.233,60],[0.232,572],[0.231,60],[0.23,60],[0.229,25],[0.196,41.57],[0.01,11908.49],[0.009,704.54],[0.008,50.4],[0.007,45.31],[0.006,40.24],[0.005,35.17],[0.004,30.12],[0.003,25.07],[0.002,20.04],[0.001,946.28]],"hash":"2e8d24bf209d8447cdfc0ab2a9bd9574e39783ad"}}
{"timestamp":1768861060990,"type":"book","data":{"type":"book","timestamp":1768861060990,"asset_id":"84120862040579504625504822431671033934475567864159620983990020071323062262114","market":"0x6092c3e3f04adbe787e53a3d6d9356ce6dba625ac96d017b396a574b34d7a8a4","bids":[[0.01,3064.42],[0.03,10.63],[0.04,25.95]],"asks":[[0.99,742.54],[0.98,2100],[0.94,2471.4],[0.92,105.4],[0.89,250],[0.83,200],[0.82,200],[0.67,132.04],[0.66,15],[0.65,12.74],[0.64,30],[0.63,540],[0.53,9.94],[0.5,486.79],[0.48,25],[0.46,5.51]],"hash":"03d1ec8b303cf95af838a4f97710fe6bbdf5399b"}}
{"timestamp":1768861060990,"type":"book","data":{"type":"book","timestamp":1768861060990,"asset_id":"34130029555333481410138913504371238679856860292518927586466769475661539617443","market":"0xe0c45c38597364a10040b4cd5b6b68e099fa0f67a7cf906b7fda8acbc981b382","bids":[[0.01,50],[0.02,25],[0.03,5.51]],"asks":[[0.99,50]],"hash":"e108b4b9866ce225c0b7f7c60be84e035eee4e2a"}}
{"timestamp":1768861060991,"type":"book","data":{"type":"book","timestamp":1768861060991,"asset_id":"71775041801808637972785922632852978725572532275252146056957073487383515608173","market":"0x2723a2fc360d2c29d15b6ee7904688deead72c9970cbee5112880d532b73574d","bids":[[0.01,50],[0.02,25],[0.03,5.51]],"asks":[[0.99,50]],"hash":"1a8458d177ef7e149ecff14c09357df8bf11027e"}}
{"timestamp":1768861060991,"type":"book","data":{"type":"book","timestamp":1768861060991,"asset_id":"2281309566574130642807730816726303714419168586997236681707499099398936474185","market":"0x6dfb3d43cd0029526113cdd085d4ebab3fc9274d3095295d69ac24e27ab1dd98","bids":[[0.01,80.5],[0.03,25],[0.04,30.51],[0.05,30.51]],"asks":[[0.99,180.5],[0.98,5000],[0.96,100],[0.95,200],[0.94,3333],[0.86,50],[0.85,1779],[0.7,10]],"hash":"707a3ffa4c80a51b416322644daec708cc2a4a5f"}}
{"timestamp":1768861060992,"type":"book","data":{"type":"book","timestamp":1768861060992,"asset_id":"32000187069377430896265944353073875929784130362721284251736314375740995009132","market":"0xa011589aac6ecc279df805b5b5af8f624f16044eca2fdc89f4f554df3ea82fe5","bids":[[0.01,50],[0.02,5.51],[0.04,25],[0.05,25],[0.06,5004.51],[0.36,23.01],[0.38,36.68],[0.39,16],[0.4,20.4],[0.41,28.86]],"asks":[[0.99,5.51]],"hash":"c88120a8a3fb82c70ea6fab29cbdba16e99624f6"}}
{"timestamp":1768861060993,"type":"book","data":{"type":"book","timestamp":1768861060993,"asset_id":"49335016365941641409952976129113215306810130872796911770220968674695550227620","market":"0xa8e21d98ce3635fdafa916aa404f8dfd4eb941ec5a36e54b07f9fef1dcfa9051","bids":[[0.001,14.99],[0.01,50],[0.011,9090],[0.012,16666],[0.052,25],[0.053,5.51],[0.108,24.37],[0.109,25],[0.11,5.51]],"asks":[],"hash":"7087c964811e8e28ec58b6fe66143e82968d10ca"}}
{"timestamp":1768861060993,"type":"book","data":{"type":"book","timestamp":1768861060993,"asset_id":"107120935694512385169050114827872789982020807731131881827825052191609346273122","market":"0x55bc05d0172e01f468ee39bf260c7fd132b4453c71a37d1834c5c7cce3db5a2e","bids":[],"asks":[[0.99,50],[0.98,5000],[0.94,3363.51],[0.73,58.2],[0.72,17.4],[0.71,25]],"hash":"07ae5e2e79883856f1ac58e31e828ef140cf2a22"}}
{"timestamp":1768861060994,"type":"book","data":{"type":"book","timestamp":1768861060994,"asset_id":"33672246756272849240665557330388834060801478981449620394497796903940273756329","market":"0x2723a2fc360d2c29d15b6ee7904688deead72c9970cbee5112880d532b73574d","bids":[[0.01,50]],"asks":[[0.99,50],[0.98,25],[0.97,5.51]],"hash":"8289f7b19cba590313642f01cef4d1a9dac3596b"}}
{"timestamp":1768861060995,"type":"book","data":{"type":"book","timestamp":1768861060995,"asset_id":"55922024386758674305891505992525691291603317003989164672671598251586350466120","market":"0x1a77154d564015025f6711d1d26945c1df621f15affb41f0e919f455e417c63b","bids":[[0.01,225],[0.02,25],[0.04,5.51],[0.05,5.51]],"asks":[[0.99,625],[0.98,1500],[0.94,800],[0.91,1111],[0.89,300],[0.84,200],[0.79,952],[0.6,1.29],[0.5,500]],"hash":"c49897c4655052648cacf730f07c745ce09c4406"}}
{"timestamp":1768861060996,"type":"book","data":{"type":"book","timestamp":1768861060996,"asset_id":"80955465573788561519287799238070819726068512211014816914447962346674298193040","market":"0x8884313775cb4f37d3de3fa1e9afc797d9d0fb72cae523fbfa7853fab179d500","bids":[[0.001,99999],[0.002,55000],[0.008,155],[0.009,56055],[0.01,27000],[0.011,155],[0.02,1400],[0.05,1300],[0.06,5.51],[0.08,155],[0.097,100],[0.098,10600],[0.099,100],[0.1,3650],[0.14,50],[0.15,450],[0.151,200],[0.152,657],[0.2,50],[0.27,50],[0.34,50],[0.47,100],[0.49,100],[0.497,200],[0.498,1500],[0.499,100],[0.502,398],[0.75,60],[0.767,60],[0.768,572],[0.769,60],[0.77,60],[0.771,25],[0.804,41.57],[0.99,11908.49],[0.991,704.54],[0.992,50.4],[0.993,45.31],[0.994,40.24],[0.995,35.17],[0.996,30.12],[0.997,25.07],[0.998,20.04],[0.999,946.28]],"asks":[],"hash":"d41b678042988b4bb0d24d923b9a073a9aa05356"}}
{"timestamp":1768861060996,"type":"book","data":{"type":"book","timestamp":1768861060996,"asset_id":"65238912540593149767509870878968239590124887893827161207600259653260563923070","market":"0x1371096e2c0565a907fc829678011b2f494ba2bcc4d2fa7e34463ce2b507f203","bids":[[0.01,50],[0.02,25],[0.03,5.51]],"asks":[[0.99,50]],"hash":"e130dc997f6ea7c9f7133b580924d7ba2bf7d8f4"}}
{"timestamp":1768861060997,"type":"book","data":{"type":"book","timestamp":1768861060997,"asset_id":"57387565809979849367931485811783458230949362028360279464167270926827433389414","market":"0xd5f9cc8238a4f20dd8ad877fb9d5ffa8e27c5d1cef0cb1ea0d40117e43b91221","bids":[[0.01,50]],"asks":[[0.99,50],[0.98,25],[0.97,5.51]],"hash":"bf703e54b19dd3841fe05af0826e4761a869bdd3"}}
{"timestamp":1768861060997,"type":"book","data":{"type":"book","timestamp":1768861060997,"asset_id":"60854482386705306074271452945147814262686505626338572994501795906620218532455","market":"0xd832ad310ac0e7586c26de1784c8acb2d9e050ad9a264e2bea6db9c0dc0832ed","bids":[],"asks":[[0.999,99999],[0.998,55000],[0.992,155],[0.991,56055],[0.99,27050],[0.989,155],[0.98,1400],[0.95,1300],[0.92,155],[0.903,100],[0.902,10600],[0.901,100],[0.9,3550],[0.859,1309],[0.53,100],[0.51,100],[0.503,200],[0.502,1500],[0.501,100],[0.496,396],[0.25,60],[0.233,60],[0.231,60],[0.23,60],[0.172,12.92],[0.171,5.72],[0.17,8.27],[0.169,25],[0.168,5.51],[0.01,60],[0.009,704.54],[0.008,50.4],[0.007,45.31],[0.006,40.24],[0.005,35.17],[0.004,30.12],[0.003,25.07],[0.002,20.04],[0.001,5]],"hash":"d25f60603333a8105f73cf9c8c4a4782043a7a5c"}}
{"timestamp":1768861060999,"type":"book","data":{"type":"book","timestamp":1768861060999,"asset_id":"43577718766112357875300730326646730119346466279136183595509365799679832624641","market":"0x676d078b81497e987ad19344ca4e3569f89b4e659f91a545f8e9690d6dfa4b39","bids":[],"asks":[[0.99,50],[0.98,700],[0.94,1696.51],[0.83,1176],[0.4,13.19],[0.38,51.46],[0.37,35.34],[0.36,5.51]],"hash":"0f2d660937d8a34e67cffee7bd98240490124519"}}
{"timestamp":1768861060999,"type":"book","data":{"type":"book","timestamp":1768861060999,"asset_id":"50983867355616416655423952313122695633917659698391114174631454013985844444839","market":"0xd5f9cc8238a4f20dd8ad877fb9d5ffa8e27c5d1cef0cb1ea0d40117e43b91221","bids":[[0.01,50],[0.02,25],[0.03,5.51]],"asks":[[0.99,50]],"hash":"b6b9c92a11e998157ee916a72ca2878a3bd12050"}}
{"timestamp":1768861061001,"type":"book","data":{"type":"book","timestamp":1768861061001,"asset_id":"40425059971189106017414882636018632801130467619803319376400325238628202757805","market":"0x6dfb3d43cd0029526113cdd085d4ebab3fc9274d3095295d69ac24e27ab1dd98","bids":[[0.01,180.5],[0.02,5000],[0.04,100],[0.05,200],[0.06,3333],[0.14,50],[0.15,1779],[0.3,10]],"asks":[[0.99,80.5],[0.97,25],[0.96,30.51],[0.95,30.51]],"hash":"30e7e4ae7da218f74cc086e0e2252caff2dd7b30"}}
{"timestamp":1768861061001,"type":"book","data":{"type":"book","timestamp":1768861061001,"asset_id":"71459940788768289369388827341933628291041428032682324236872093006027462842932","market":"0xc3bb03827ffd54c915712e01268060664edc4b9a7e10c3687a46414a8fbd61fa","bids":[[0.001,14.99],[0.01,550],[0.02,1100],[0.04,25],[0.06,811.02],[0.11,1450],[0.23,940.62],[0.231,25],[0.99,100.51]],"asks":[[0.999,10]],"hash":"0214a77301d618f29c0feb5d92de45aa3ee17beb"}}
{"timestamp":1768861061001,"type":"book","data":{"type":"book","timestamp":1768861061001,"asset_id":"109145261608975416082872682697463576130121579731407045593475179295471451760316","market":"0x9f5498adae626b37f869b924cc5a599eda5a11da525059b1404f89f8713c51c6","bids":[[0.01,580.5],[0.02,600],[0.05,200],[0.09,1811],[0.2,20],[0.21,1779],[0.29,689],[0.59,30]],"asks":[[0.99,80.5],[0.97,10],[0.96,35],[0.95,35.51],[0.94,25]],"hash":"24b172c835fa5666c77280b729b73fbbc3e43a50"}}
{"timestamp":1768861061001,"type":"book","data":{"type":"book","timestamp":1768861061001,"asset_id":"31605486503245302892484918796618037462252526786950870814089276799563620498223","market":"0x6092c3e3f04adbe787e53a3d6d9356ce6dba625ac96d017b396a574b34d7a8a4","bids":[[0.01,742.54],[0.02,2100],[0.06,2471.4],[0.08,105.4],[0.11,250],[0.17,200],[0.18,200],[0.33,132.04],[0.34,15],[0.35,12.74],[0.36,30],[0.37,540],[0.47,9.94],[0.5,486.79],[0.52,25],[0.54,5.51]],"asks":[[0.99,3064.42],[0.97,10.63],[0.96,25.95]],"hash":"b31beab95d7e84e32e430d3b0f4332815f7ad3a4"}}
{"timestamp":1768861061002,"type":"book","data":{"type":"book","timestamp":1768861061002,"asset_id":"97040212064446394960539836623423876178691598622568810188407885534471977571669","market":"0x4288c9795de3151e756e44062d7772b2767e5a6d213dea0a116d1317729a5e1a","bids":[[0.01,115.5]],"asks":[[0.99,615.5],[0.97,1100],[0.94,2466],[0.88,50],[0.85,500],[0.84,200],[0.77,869],[0.5,500],[0.49,25],[0.16,6.19],[0.15,5.51]],"hash":"5cb2a118e7e43e113ff5e8f5871b410a1b6bb1f7"}}
{"timestamp":1768861061002,"type":"book","data":{"type":"book","timestamp":1768861061002,"asset_id":"54255397860528834121594276849886749081550326493013665766978910049526974125093","market":"0x07d3174d7e1b4b22ad3109744e9768dc255e2fe8749cc25cfc8cc900b1d3c62e","bids":[[0.001,14.99],[0.01,615.5],[0.02,1100],[0.06,800],[0.15,1212],[0.5,911.13],[0.501,5.51],[0.96,317.04]],"asks":[[0.999,14.99],[0.998,501.18],[0.99,315.5],[0.989,25]],"hash":"046a0d9b752b69e48478bc42c0c53c90b8dfa983"}}
{"timestamp":1768861061002,"type":"book","data":{"type":"book","timestamp":1768861061002,"asset_id":"7360690154955731738072833984462694862220283551111167441524929099080928304759","market":"0x55bc05d0172e01f468ee39bf260c7fd132b4453c71a37d1834c5c7cce3db5a2e","bids":[[0.01,50],[0.02,5000],[0.06,3363.51],[0.27,58.2],[0.28,17.4],[0.29,25]],"asks":[],"hash":"a5bfe6ffa59105c575bf1c6b3589b35ac35c7782"}}
{"timestamp":1768861061002,"type":"book","data":{"type":"book","timestamp":1768861061002,"asset_id":"34367065238487927523900111259648857646009474251375713435120986499501795995070","market":"0x4fb109511c3ba4c5bda3fe81940240b56523fbdfedd5d4f0b024af169b8ea047","bids":[[0.01,50]],"asks":[[0.99,50],[0.98,25],[0.96,5.51],[0.95,5.51]],"hash":"0c858a032fa8a4f7d6cbdea8369227bb6a953c08"}}
{"timestamp":1768861061003,"type":"book","data":{"type":"book","timestamp":1768861061003,"asset_id":"43563596164617197569984035984240875096743987893839105155156535794052660412514","market":"0xca03f1e4e2a81ed9d91331e4354e4f07fd1f897dd400f41f810d6db09e8b7a83","bids":[[0.01,50],[0.02,25],[0.03,5.51]],"asks":[],"hash":"61781cef34f83dbd785ce7abf3faa76c2bb5ab6c"}}
{"timestamp":1768861061003,"type":"book","data":{"type":"book","timestamp":1768861061003,"asset_id":"104561417469280438624857704713303730213235315036975837304809065111097458149113","market":"0x74359b1889c9b4f5a84c1cac8cfd2dd6f48731fedb44f7a7e803b9c8cd6de6d8","bids":[],"asks":[[0.999,99999],[0.998,55000],[0.992,155],[0.991,56055],[0.99,27000],[0.989,155],[0.98,2100],[0.97,300],[0.95,200],[0.92,255],[0.903,100],[0.902,10600],[0.901,100],[0.9,3650],[0.86,50],[0.85,450],[0.849,200],[0.848,657],[0.8,50],[0.73,50],[0.66,50],[0.53,100],[0.51,100],[0.503,200],[0.502,1500],[0.501,100],[0.498,398],[0.25,60],[0.233,60],[0.232,571],[0.231,60],[0.23,60],[0.178,23.32],[0.177,25],[0.176,19.53],[0.175,11.02],[0.01,2000],[0.009,644],[0.001,5]],"hash":"e0ae002d7f12f91e401b19cbce68d40698f59811"}}
{"timestamp":1768861061003,"type":"book","data":{"type":"book","timestamp":1768861061003,"asset_id":"24085294160146023460801270886062008540816580162480837570482544017068711307043","market":"0xe32de27f7e7e4bb886b7063180e29f7acc6d9cc8d09e8bffbffad7b835628aeb","bids":[[0.01,50],[0.02,25],[0.03,5.51],[0.04,5.51]],"asks":[[0.99,50]],"hash":"bd79af1f8049d7fca12987ca9d7914afbbcbcdb0"}}
{"timestamp":1768861061004,"type":"book","data":{"type":"book","timestamp":1768861061004,"asset_id":"83899814067708389406462136488758126712740448864742246697134907881561006435164","market":"0x1d9921b0a498d2f0f68351a35d4b5e5fd6b34f5800e2b0dc304fe82872fff15b","bids":[[0.01,2714.96],[0.02,3750],[0.03,150],[0.04,150],[0.05,155],[0.06,1650],[0.07,2622],[0.08,100],[0.1,155],[0.12,60],[0.13,783.28],[0.14,50],[0.15,550],[0.18,55],[0.2,50],[0.25,68.96],[0.27,50],[0.29,150],[0.3,50],[0.31,66],[0.32,60.29],[0.36,6],[0.39,12.67],[0.4,1557],[0.41,6],[0.43,125],[0.45,104],[0.46,440],[0.47,15.21],[0.49,80.73],[0.5,5],[0.51,159.12],[0.56,6606],[0.58,72.61],[0.59,4956],[0.61,6],[0.62,3300],[0.63,3510],[0.64,8426.18],[0.65,4391],[0.66,4152.99],[0.67,1190],[0.68,1058.98]],"asks":[[0.99,3331.62],[0.98,405],[0.97,150],[0.96,1100],[0.95,155],[0.94,2181],[0.92,600],[0.9,10.01],[0.89,30.8],[0.82,25.54],[0.81,6600],[0.8,1019.68],[0.78,4950],[0.75,5656],[0.74,5626],[0.73,10475.37],[0.72,8683.2],[0.71,2160],[0.7,1991],[0.69,1692.54]],"hash":"e1859bfa168f83b1daffe920627db2012d717bfc"}}
{"timestamp":1768861061004,"type":"book","data":{"type":"book","timestamp":1768861061004,"asset_id":"111436004474608829181688199751793007557865850840578909060278133660760146801937","market":"0xca03f1e4e2a81ed9d91331e4354e4f07fd1f897dd400f41f810d6db09e8b7a83","bids":[],"asks":[[0.99,50],[0.98,25],[0.97,5.51]],"hash":"35f0f1896cf1c015d6e4f2f0de592310c44e27b8"}}
{"timestamp":1768861061004,"type":"book","data":{"type":"book","timestamp":1768861061004,"asset_id":"113025031494916309150086220666714068684066916056870600664866463237320949012683","market":"0x19d9dc9b734a8270440da3511c0127c64e18e7c034656dba600c67e1f671eec8","bids":[[0.01,50],[0.06,5004.51],[0.64,65.36],[0.65,5]],"asks":[[0.99,20],[0.98,5.51]],"hash":"4e413385d99bae7f11a31113711758aead0f3c35"}}
{"timestamp":1768861061004,"type":"book","data":{"type":"book","timestamp":1768861061004,"asset_id":"79608484467359140021508230970847311886652283787528822345528181281312803620924","market":"0xe0c45c38597364a10040b4cd5b6b68e099fa0f67a7cf906b7fda8acbc981b382","bids":[[0.01,50]],"asks":[[0.99,50],[0.98,25],[0.97,5.51]],"hash":"8dc756816442930743a97d002c33c0bb02a4224f"}}
{"timestamp":1768861061005,"type":"book","data":{"type":"book","timestamp":1768861061005,"asset_id":"94285110769567966486463661297410356109827983764157167229272297139989795256953","market":"0x4fb109511c3ba4c5bda3fe81940240b56523fbdfedd5d4f0b024af169b8ea047","bids":[[0.01,50],[0.02,25],[0.04,5.51],[0.05,5.51]],"asks":[[0.99,50]],"hash":"13b77dbe6a38a18a9c1dde9ba3265a477316f5de"}}
{"timestamp":1768861061005,"type":"book","data":{"type":"book","timestamp":1768861061005,"asset_id":"38249703376174183440478117641561819852912686676086886922395617711410224047669","market":"0x366ea8dd3a7f8672384fcd74ddbb3001a7798ce9d32fb08e6bf8c538c7e6798f","bids":[[0.001,514.99],[0.01,50],[0.02,1100],[0.06,830.51],[0.11,3310.08],[0.111,25],[0.31,8.52],[0.99,100.51]],"asks":[],"hash":"b966c9263ed5ac619978e0164fcc8ecd2ea2445c"}}
{"timestamp":1768861061005,"type":"book","data":{"type":"book","timestamp":1768861061005,"asset_id":"109974464011407510311184872783466711205513981066359875513765218021885225826488","market":"0xd832ad310ac0e7586c26de1784c8acb2d9e050ad9a264e2bea6db9c0dc0832ed","bids":[[0.001,99999],[0.002,55000],[0.008,155],[0.009,56055],[0.01,27050],[0.011,155],[0.02,1400],[0.05,1300],[0.08,155],[0.097,100],[0.098,10600],[0.099,100],[0.1,3550],[0.141,1309],[0.47,100],[0.49,100],[0.497,200],[0.498,1500],[0.499,100],[0.504,396],[0.75,60],[0.767,60],[0.769,60],[0.77,60],[0.828,12.92],[0.829,5.72],[0.83,8.27],[0.831,25],[0.832,5.51],[0.99,60],[0.991,704.54],[0.992,50.4],[0.993,45.31],[0.994,40.24],[0.995,35.17],[0.996,30.12],[0.997,25.07],[0.998,20.04],[0.999,5]],"asks":[],"hash":"3dbdb7d39b1bcbc5e9bcd085f2cf6e469a05ad83"}}
{"timestamp":1768861061005,"type":"book","data":{"type":"book","timestamp":1768861061005,"asset_id":"94160515795879566153002944972741512251146074743459279119403075652615644127934","market":"0x07d3174d7e1b4b22ad3109744e9768dc255e2fe8749cc25cfc8cc900b1d3c62e","bids":[[0.001,14.99],[0.002,501.18],[0.01,315.5],[0.011,25]],"asks":[[0.999,14.99],[0.99,615.5],[0.98,1100],[0.94,800],[0.85,1212],[0.5,911.13],[0.499,5.51],[0.04,317.04]],"hash":"24b415cb33889e156d841fb7b67d2212372809f2"}}
{"timestamp":1768861061006,"type":"book","data":{"type":"book","timestamp":1768861061006,"asset_id":"24149837465812544749905902967180296948686555674306251030277465520781639999133","market":"0xa080927f19a54d86c89bd3555541b3abfbf53e98cf0e5f964e1729528e7df2d6","bids":[[0.01,50],[0.03,33],[0.04,25],[0.05,5.51]],"asks":[[0.99,150]],"hash":"74344724a9ac7a5369b13e94e87d5b93fac2bb5a"}}
{"timestamp":1768861061006,"type":"book","data":{"type":"book","timestamp":1768861061006,"asset_id":"41178199935822859951659453545153667608689402220859633728390614617019943875191","market":"0x3530777a6c3e8eb380a4eb72fdaa7c15381797a758a692d6d325bba4db4994d6","bids":[[0.01,50]],"asks":[[0.99,50],[0.98,25],[0.95,5.51],[0.94,5.51]],"hash":"5d21ce948e077688d8f7b3c824d1e48f09970812"}}
{"timestamp":1768861061006,"type":"book","data":{"type":"book","timestamp":1768861061006,"asset_id":"45580499855571815703798438949570518410899588907349508423148937057071386680821","market":"0xbe7dc7ab76f592bc89d6c6c606e28d119cb90dd503bd543c61d79d8c2cb18d0d","bids":[[0.001,99999],[0.002,55000],[0.008,155],[0.009,56055],[0.01,27050],[0.011,155],[0.02,2100],[0.03,300],[0.05,200],[0.08,255],[0.097,100],[0.098,10600],[0.099,100],[0.1,3650],[0.14,50],[0.15,450],[0.151,200],[0.152,657],[0.2,50],[0.27,50],[0.34,50],[0.47,100],[0.49,100],[0.497,200],[0.498,1500],[0.499,100],[0.502,398],[0.75,60],[0.767,60],[0.768,219],[0.769,60],[0.77,60],[0.771,47.68],[0.772,5.51],[0.99,2060],[0.991,704.54],[0.992,50.4],[0.993,45.31],[0.994,40.24],[0.995,35.17],[0.996,30.12],[0.997,25.07],[0.998,20.04],[0.999,5]],"asks":[],"hash":"93167f538f8f2977bb0c17ba0d3a8518806ed1f0"}}
{"timestamp":1768861061006,"type":"book","data":{"type":"book","timestamp":1768861061006,"asset_id":"15990901704723151577745665847245503498242174471602590883916296397653362695840","market":"0x62f8a610f290315f0054814a9ffda8d29b311c03bf2812775383a909dc369957","bids":[[0.01,50]],"asks":[[0.99,50],[0.98,25],[0.97,5.51]],"hash":"0397ce436dabb866fee6d271e752ec4bf532433d"}}
{"timestamp":1768861061006,"type":"book","data":{"type":"book","timestamp":1768861061006,"asset_id":"81161860771407456912311120769878579619899929946299879214687327424218608547436","market":"0x2397d58005858b5b7271c776adac1b4fa32491286339f3dc3139df9dece7d6c3","bids":[[0.01,80.5],[0.02,5000],[0.27,18.75],[0.37,20]],"asks":[[0.99,80.5],[0.98,5000],[0.96,5],[0.94,4138.51],[0.85,35],[0.84,1779]],"hash":"468ef63e4c3f479019f429115d973ba945b92b73"}}
{"timestamp":1768861061007,"type":"book","data":{"type":"book","timestamp":1768861061007,"asset_id":"3986689974687749401569762749790970504891242225395088232355646709432459801755","market":"0x649872b98f3cd5c94d604030777b871d0ef6256d6c9485eef4dfd32c8e550870","bids":[[0.01,50],[0.05,60],[0.06,30.51]],"asks":[[0.99,55.51],[0.98,5.51],[0.97,16],[0.96,25],[0.95,30],[0.94,30.51]],"hash":"94385dc19a079da777fc57e47e07de301b29683b"}}
{"timestamp":1768861061007,"type":"book","data":{"type":"book","timestamp":1768861061007,"asset_id":"101611788763604182009081598218650589988620418532960590031041926997259162552885","market":"0xd86b1c9ac7abe2f2260bccff1c73b2b5aaa8bd72c764d232f9b8a5cbf632e04f","bids":[[0.01,625],[0.02,500],[0.06,500],[0.1,5],[0.12,200],[0.13,869],[0.18,200],[0.23,869],[0.24,25],[0.5,500],[0.51,25]],"asks":[[0.99,225],[0.98,5.51],[0.97,5],[0.94,5.51]],"hash":"d1fd7846604d491dfb9b870d667716c81fa14deb"}}
{"timestamp":1768861061007,"type":"book","data":{"type":"book","timestamp":1768861061007,"asset_id":"102470506234631856714287226623345182033813197411154001523556742367360332249186","market":"0xd95cae1f78c63f65c14098d643ada7421731ec63e24fcb99628d9e5362e7ac61","bids":[[0.001,14.99],[0.01,50],[0.011,500],[0.013,300],[0.03,5.51],[0.04,25],[0.041,25],[0.042,2380],[0.06,5.51],[0.147,13.32],[0.149,6.67],[0.99,25.51]],"asks":[[0.999,10]],"hash":"bd4cb2826c730bed9dfaf04d5e9a226d82a04e86"}}
{"timestamp":1768861061008,"type":"book","data":{"type":"book","timestamp":1768861061008,"asset_id":"51859461336493165622472425900220749386708018986520817300834494664041845827840","market":"0xab8df169971e779e7a5c7867fafa15340113bcebc1c2b6f4714c17f20b4c7868","bids":[[0.01,65],[0.05,5.51],[0.06,41.51]],"asks":[[0.99,65],[0.98,25]],"hash":"e86fe0bb0e15b8e2f83aa327f83d19a5923b1360"}}
{"timestamp":1768861061008,"type":"book","data":{"type":"book","timestamp":1768861061008,"asset_id":"24579524396187103736840535208642428472919490237386093648130273132471733218325","market":"0xc7def456adf8952db9672f973dcf89ca06106ec530bb462efb9b7c2fbb84ddbd","bids":[[0.01,90],[0.02,1000],[0.04,5],[0.05,2606.5],[0.06,120.51],[0.07,15],[0.1,15],[0.12,15],[0.15,15],[0.18,15]],"asks":[[0.99,590],[0.98,1600],[0.94,2816],[0.84,15],[0.83,15],[0.78,15],[0.77,899],[0.76,15],[0.73,15],[0.72,1779],[0.71,15],[0.69,35],[0.67,30],[0.66,15],[0.45,20]],"hash":"ffde1712af437e90ca2bb8f79d195505f42a2321"}}
{"timestamp":1768861061008,"type":"book","data":{"type":"book","timestamp":1768861061008,"asset_id":"99168974266843179978354052234653670711404329776440032034213602407634856160915","market":"0x62f8a610f290315f0054814a9ffda8d29b311c03bf2812775383a909dc369957","bids":[[0.01,50],[0.02,25],[0.03,5.51]],"asks":[[0.99,50]],"hash":"f186ab5aa343f0a9ba0ccc5dde13625c799b2186"}}
